@IEEEtranBSTCTL{IEEEexample:BSTcontrol,
  CTLuse_forced_etal       = "yes",
  CTLmax_names_forced_etal = "3",
  CTLnames_show_etal       = "2" 
}

@INPROCEEDINGS{boinc,
	AUTHOR = "David P. Anderson",
	TITLE = "BOINC: A System for Public-Resource Computing and Storage",
	BOOKTITLE = "Fifth IEEE/ACM International Workshop on In GRID ",
	YEAR = {2004}
}
@ARTICLE{comon,
 	author = {Park, KyoungSoo and Pai, Vivek S.},
 	title = {CoMon: a mostly-scalable monitoring system for PlanetLab},
 	journal = {SIGOPS Oper. Syst. Rev.},
	volume = {40},
	number = {1},
	year = {2006},
	issn = {0163-5980},
	pages = {65--74},
	doi = {http://doi.acm.org/10.1145/1113361.1113374},
	publisher = {ACM},
	address = {New York, NY, USA},
}
@INPROCEEDINGS{classad,
 	author = {Ruman. R, Livny. M, Solomon. M.},
 	title = {Matchmaking: distributed resource management for high throughputcomputing},
 	BOOKTITLE = "In proc. 7th IEEE symp. on High Performance Distributed Computing ",
	year = {1998},
	issn = {1082-8907},
	pages = {140-146},
}
@article{astrobe,
 author = {Van Renesse, Robbert and Birman, Kenneth P. and Vogels, Werner},
 title = {Astrolabe: A robust and scalable technology for distributed system monitoring, management, and data mining},
 journal = {ACM Trans. Comput. Syst.},
 volume = {21},
 number = {2},
 year = {2003},
 issn = {0734-2071},
 doi = {http://doi.acm.org/10.1145/762483.762485},
 publisher = {ACM},
 address = {New York, NY, USA},
 }
@article{treedatamanage,
 author = {Yalagandula, Praveen and Dahlin, Mike},
 title = {A scalable distributed information management system},
 journal = {SIGCOMM Comput. Commun. Rev.},
 volume = {34},
 number = {4},
 year = {2004},
 issn = {0146-4833},
 pages = {379--390},
 doi = {http://doi.acm.org/10.1145/1030194.1015509},
 publisher = {ACM},
 address = {New York, NY, USA},
 }
@techreport{late,
    Author = {Zaharia, Matei and Konwinski, Andrew and Joseph, Anthony D. and Katz, Randy H. and Stoica, Ion},
    Title = {Improving MapReduce Performance in Heterogeneous Environments},
    Institution = {EECS Department, University of California, Berkeley},
    Year = {2008},
    Month = {Aug},
    Number = {UCB/EECS-2008-99}
}
@BOOK{condor,
  author = {Jim Basney and Miron Livny},
  title = {Deploying a High Throughput Computing Cluster},
  editor = {Rajkumar Buyya},
  booktitle = {High Performance Cluster Computing: Architectures and Systems, Volume 1},
  publisher = {Prentice Hall PTR},
  year = {1999}
}
@MISC{brunet,
  author = {P.Oscar Boykin and et al.},
  title = {A Symphony Conducted by Brunet},
  year = {2007}
} 
@ELECTRONICS{setiathome,
  author = {SetiAtHome},
  howpublished = "\url{http://setiathome.ssl.berkeley.edu/}"
} 
@inproceedings{chord,
 author = {Stoica, Ion and Morris, Robert and Karger, David and Kaashoek, M. Frans and Balakrishnan, Hari},
 title = {Chord: A scalable peer-to-peer lookup service for internet applications},
 booktitle = {SIGCOMM '01: Proceedings of the 2001 conference on Applications, technologies, architectures, and protocols for computer communications},
 year = {2001},
 isbn = {1-58113-411-8},
 pages = {149--160},
 location = {San Diego, California, United States},
 doi = {http://doi.acm.org/10.1145/383059.383071},
 publisher = {ACM},
 address = {New York, NY, USA},
 }
@MISC{pastry,
    author = {Antony Rowstron and Peter Druschel},
    title = {Pastry: Scalable, distributed object location and routing for large-scale peer-to-peer systems},
    year = {2001}
}
@inproceedings{can,
 author = {Ratnasamy, Sylvia and Francis, Paul and Handley, Mark and Karp, Richard and Schenker, Scott},
 title = {A scalable content-addressable network},
 booktitle = {SIGCOMM '01: Proceedings of the 2001 conference on Applications, technologies, architectures, and protocols for computer communications},
 year = {2001},
 isbn = {1-58113-411-8},
 pages = {161--172},
 location = {San Diego, California, United States},
 doi = {http://doi.acm.org/10.1145/383059.383072},
 publisher = {ACM},
 address = {New York, NY, USA},
 }
@inproceedings{bamboo,
 author = {Rhea, Sean and Geels, Dennis and Roscoe, Timothy and Kubiatowicz, John},
 title = {Handling churn in a DHT},
 booktitle = {ATEC '04: Proceedings of the annual conference on USENIX Annual Technical Conference},
 year = {2004},
 pages = {10--10},
 location = {Boston, MA},
 publisher = {USENIX Association},
 address = {Berkeley, CA, USA},
 }
@inproceedings{archer,
    author = {Figueiredo, Renato J. and et al.},
    booktitle = {Collaborative Computing},
    title = {Archer: A Community Distributed Computing Infrastructure for Computer Architecture Research and Education},
    year = {2009}
}
@article{planetlab,
 author = {Chun, Brent and Culler, David and Roscoe, Timothy and Bavier, Andy and Peterson, Larry and Wawrzoniak, Mike and Bowman, Mic},
 title = {PlanetLab: an overlay testbed for broad-coverage services},
 journal = {SIGCOMM Comput. Commun. Rev.},
 year = {2003},
 issn = {0146-4833},
 doi = {http://doi.acm.org/10.1145/956993.956995},
 publisher = {ACM},
 address = {New York, NY, USA},
 }
@InProceedings{deetoo,
  author = {Tae Woong Choi and P. Oscar Boykin},
  title = {Deetoo: Scalable Unstructured Search Built on a Structured Overlay},
  booktitle = {Seventh International Workshop on Hot Topics in Peer-to-Peer Systems},
  year = {2010},  
}
@MISC{hadoop,
  author = {Apache Software Foundation},
  title = {Apache Hadoop},
  year = {2004},
  url  = {http://hadoop.apache.org/}
} 

@article{small_world_network,
    address = {Department of Computer Science, Cornell University, Ithaca, New York 14853, USA.},
    author = {Kleinberg, J. M.},
    day = {24},
    doi = {10.1038/35022643},
    issn = {0028-0836},
    journal = {Nature},
    month = {August},
    title = {Navigation in a small world},
    url = {http://dx.doi.org/10.1038/35022643},
    volume = {406},
    year = {2000}
}
@article{google_mapreduce,
 author = {Dean, Jeffrey and Ghemawat, Sanjay},
 title = {MapReduce: simplified data processing on large clusters},
 journal = {Commun. ACM},
 volume = {51},
 number = {1},
 year = {2008},
 issn = {0001-0782},
 pages = {107--113},
 doi = {http://doi.acm.org/10.1145/1327452.1327492},
 publisher = {ACM},
 address = {New York, NY, USA},
 }
@article{king,
 author = {Gummadi, Krishna P. and Saroiu, Stefan and Gribble, Steven D.},
 title = {King: estimating latency between arbitrary internet end hosts},
 journal = {SIGCOMM Comput. Commun. Rev.},
 year = {2002},
 issn = {0146-4833},
 doi = {http://doi.acm.org/10.1145/571697.571700},
 publisher = {ACM},
 address = {New York, NY, USA},
 }
@inproceedings{can_query,
 author = {Kim, Jik-Soo and Keleher, Peter and Marsh, Michael and Bhattacharjee, Bobby and Sussman, Alan},
 title = {Using content-addressable networks for load balancing in desktop grids},
 booktitle = {HPDC '07: Proceedings of the 16th international symposium on High performance distributed computing},
 year = {2007},
 isbn = {978-1-59593-673-8},
 pages = {189--198},
 location = {Monterey, California, USA},
 doi = {http://doi.acm.org/10.1145/1272366.1272391},
 publisher = {ACM},
 address = {New York, NY, USA},
 }
@article{mercury-dht,
 author = {Bharambe, Ashwin R. and Agrawal, Mukesh and Seshan, Srinivasan},
 title = {Mercury: supporting scalable multi-attribute range queries},
 journal = {SIGCOMM Comput. Commun. Rev.},
 volume = {34},
 number = {4},
 year = {2004},
 pages = {353--366},
 doi = {http://doi.acm.org/10.1145/1030194.1015507},
 publisher = {ACM},
 address = {New York, NY, USA},
 }
@article{sword,
 author = {Albrecht, Jeannie and Oppenheimer, David and Vahdat, Amin and Patterson, David A.},
 title = {Design and implementation trade-offs for wide-area resource discovery},
 journal = {ACM Trans. Internet Technol.},
 volume = {8},
 number = {4},
 year = {2008},
 issn = {1533-5399},
 pages = {1--44},
 doi = {http://doi.acm.org/10.1145/1391949.1391952},
 publisher = {ACM},
 address = {New York, NY, USA},
 }
@article{squid,
 author = {Schmidt, Cristina and Parashar, Manish},
 title = {Squid: Enabling search in DHT-based systems},
 journal = {J. Parallel Distrib. Comput.},
 volume = {68},
 number = {7},
 year = {2008},
 issn = {0743-7315},
 pages = {962--975},
 doi = {http://dx.doi.org/10.1016/j.jpdc.2008.02.003},
 publisher = {Academic Press, Inc.},
 address = {Orlando, FL, USA},
 }
@inproceedings{query_for_grid,
 author = {Andrzejak, Artur and Xu, Zhichen},
 title = {Scalable, Efficient Range Queries for Grid Information Services},
 booktitle = {P2P '02: Proceedings of the Second International Conference on Peer-to-Peer Computing},
 year = {2002},
 isbn = {0-7695-1810-9},
 pages = {33},
 publisher = {IEEE Computer Society},
 address = {Washington, DC, USA},
 }
@article{chord_matching,
	location = {http://www.scientificcommons.org/13093497},
	title = {Matching Jobs to Resources in Distributed Desktop Grid Environments},
	author = {Kim, Jik-Soo and Bhattacharjee, Bobby and Keleher, Peter J. and Sussman, Alan},
	year = {2006},
	url = {http://hdl.handle.net/1903/3669},
	institution = {Digital Repository at the University of Maryland [http://drum.umd.edu/oai] (United States)},
}
@article{armada,
 author = {Li, Dongsheng and Cao, Jiannong and Lu, Xicheng and Chen, Keith C.  C.},
 title = {Efficient Range Query Processing in Peer-to-Peer Systems},
 journal = {IEEE Trans. on Knowl. and Data Eng.},
 volume = {21},
 number = {1},
 year = {2009},
 issn = {1041-4347},
 pages = {78--91},
 doi = {http://dx.doi.org/10.1109/TKDE.2008.99},
 publisher = {IEEE Educational Activities Department},
 address = {Piscataway, NJ, USA},
 }
@INPROCEEDINGS{pastrygrid,
    author = {Heithem Abbes and Christophe Cerin and  Mohamed Jemni},
    title = {A decentralized and fault-tolerant Desktop Grid system for distributed applications},
    year = {2010},
    booktitle = {Concurrency and Computation: Practice and Experience (2010)},
}
@article{bonjourgrid,
author = {Heithem Abbes and Christophe Cerin and Mohamed Jemni},
title = {BonjourGrid: Orchestration of multi-instances of grid middlewares on institutional Desktop Grids},
journal ={Parallel and Distributed Processing Symposium, International},
volume = {0},
year = {2009},
pages = {1-8},
doi = {http://doi.ieeecomputersociety.org/10.1109/IPDPS.2009.5161140},
publisher = {IEEE Computer Society},
address = {Los Alamitos, CA, USA}
} 
 
@article{wavegrid,
author = {Dayi Zhou and V. Lo},
title = {WaveGrid: a scalable fast-turnaround heterogeneous peer-based desktop grid system},
journal ={Parallel and Distributed Processing Symposium, International},
volume = {0},
isbn = {1-4244-0054-6},
year = {2006},
pages = {10},
doi = {http://doi.ieeecomputersociety.org/10.1109/IPDPS.2006.1639267},
publisher = {IEEE Computer Society},
address = {Los Alamitos, CA, USA},
} 
 
@inproceedings{resource-disc-p2p,
 author = {Iamnitchi, Adriana and Foster, Ian T.},
 title = {On Fully Decentralized Resource Discovery in Grid Environments},
 booktitle = {Proceedings of the Second International Workshop on Grid Computing},
 series = {GRID '01},
 year = {2001},
 isbn = {3-540-42949-2},
 pages = {51--62},
 numpages = {12},
 url = {http://portal.acm.org/citation.cfm?id=645441.652838},
 acmid = {652838},
 publisher = {Springer-Verlag},
 address = {London, UK},
} 
 
 
@article{blueeyes,
author = {Sukhyun Song and Kyung Dong Ryu and Dilma Da Silva},
title = {Blue Eyes: Scalable and reliable system management for cloud computing},
journal ={Parallel and Distributed Processing Symposium, International},
volume = {0},
isbn = {978-1-4244-3751-1},
year = {2009},
pages = {1-8},
doi = {http://doi.ieeecomputersociety.org/10.1109/IPDPS.2009.5161232},
publisher = {IEEE Computer Society},
address = {Los Alamitos, CA, USA}
}
@inproceedings{supermon,
 author = {Sottile, Matthew J. and Minnich, Ronald G.},
 title = {Supermon: A High-Speed Cluster Monitoring System},
 booktitle = {CLUSTER '02: Proceedings of the IEEE International Conference on Cluster Computing},
 year = {2002},
 isbn = {0-7695-1745-5},
 publisher = {IEEE Computer Society},
 address = {Washington, DC, USA},
 }
@article{intemon,
 author = {Hoke, Evan and Sun, Jimeng and Strunk, John D. and Ganger, Gregory R. and Faloutsos, Christos},
 title = {InteMon: continuous mining of sensor data in large-scale self-infrastructures},
 journal = {SIGOPS Oper. Syst. Rev.},
 volume = {40},
 number = {3},
 year = {2006},
 issn = {0163-5980},
 pages = {38--44},
 doi = {http://doi.acm.org/10.1145/1151374.1151384},
 publisher = {ACM},
 address = {New York, NY, USA},
 }
@INPROCEEDINGS{ganglia, 
title={Wide area cluster monitoring with Ganglia}, 
author={Sacerdoti, F.D. and Katz, M.J. and Massie, M.L. and Culler, D.E.}, 
booktitle={Cluster Computing, 2003. Proceedings. 2003 IEEE International Conference on}, 
year={2003}, 
month={Dec.}, 
}
@INPROCEEDINGS{multicast_tree_timeout,
    author = {Matthias Grossglauser},
    title = {Optimal Deterministic Timeouts for Reliable Scalable Multicast},
    booktitle = {IEEE JOURNAL ON SELECTED AREAS IN COMMUNICATIONS},
    year = {1996},
    pages = {1425--1432},
    publisher = {}
}
@INPROCEEDINGS{monitor_chord, 
author={Binzenhofer, A. and Kunzmann, G. and Henjes, R.}, 
journal={Parallel and Distributed Processing Symposium, 2006. IPDPS 2006. 20th International}, title={A scalable algorithm to monitor chord-based p2p systems at runtime}, 
year={2006}, 
month={apr.}, 
volume={}, 
number={}, 
pages={8 pp.}, 
keywords={chord-based p2p system monitoring;decentralized fault tolerant architecture;distributed algorithm;peer-to-peer systems;performance parameters;scalable algorithm;distributed algorithms;fault tolerant computing;peer-to-peer computing;system monitoring;}, 
doi={10.1109/IPDPS.2006.1639710}, 
ISSN={}
}

@INPROCEEDINGS{chord_monitoring, 
author={Binzenhofer, A. and Kunzmann, G. and Henjes, R.}, 
booktitle={Parallel and Distributed Processing Symposium, 2006. IPDPS 2006. 20th International}, title={A scalable algorithm to monitor chord-based p2p systems at runtime}, 
year={2006}, 
month=april, 
volume={}, 
number={}, 
pages={8 pp.}, 
keywords={chord-based p2p system monitoring;decentralized fault tolerant architecture;distributed algorithm;peer-to-peer systems;performance parameters;scalable algorithm;distributed algorithms;fault tolerant computing;peer-to-peer computing;system monitoring;}, 
doi={10.1109/IPDPS.2006.1639710}, 
ISSN={},}

@INPROCEEDINGS{symphony,
    author = {Gurmeet Singh Manku and Mayank Bawa and Prabhakar Raghavan and Verity Inc},
    title = {Symphony: Distributed Hashing in a Small World},
    booktitle = {In Proceedings of the 4th USENIX Symposium on Internet Technologies and Systems},
    year = {2003},
    pages = {127--140}
}
@article{p2p_global_computing,
author = {Wen Dou and Yan Jia and Huai Ming Wang and Wen Qiang Song and Peng Zou},
title = {A P2P Approach for Global Computing},
journal ={Parallel and Distributed Processing Symposium, International},
volume = {0},
issn = {1530-2075},
year = {2003},
pages = {248b},
doi = {http://doi.ieeecomputersociety.org/10.1109/IPDPS.2003.1213451},
publisher = {IEEE Computer Society},
address = {Los Alamitos, CA, USA},
}
@INPROCEEDINGS{p3,
    author = {Kazuyuki Shudo and Yoshio Tanaka and Satoshi Sekiguchi},
    title = {P3: P2P-based middleware enabling transfer and aggregation of computational resource},
    booktitle = {In 5th Intl. Workshop on Global and Peer-to-Peer Computing. IEEE},
    year = {2005},
    pages = {259--266}
}


@article{condor_flock,
	title = "A worldwide flock of {C}ondors: Load sharing among workstation clusters",
	author = "D.H.J. Epema and M. Livny and R. van Dantzig and X. Evers and J. Pruyne",
	journal = "Future Generation Computer Systems",
	volume = "12",
	year = "1996",
	pages = "53--65"
}


@article{recursive_multicast,
 author = {Vishnevsky, Vladimir and Safonov, Alexander and Yakimov, Mikhail and Shim, Eunsoo and Gelman, Alexander D.},
 title = {Scalable blind search and broadcasting over Distributed Hash Tables},
 journal = {Comput. Commun.},
 volume = {31},
 issue = {2},
 month = {February},
 year = {2008},
 issn = {0140-3664},
 pages = {292--303},
 numpages = {12},
 url = {http://portal.acm.org/citation.cfm?id=1332143.1332433},
 doi = {10.1016/j.comcom.2007.08.006},
 acmid = {1332433},
 publisher = {Butterworth-Heinemann},
 address = {Newton, MA, USA},
 keywords = {Broadcasting, Distributed Hash Table, P2P, Peer-to-peer, Search},
}

@INCOLLECTION {d-data-mining,
    AUTHOR = { Mohammed J. Zaki },
    TITLE = { Parallel and Distributed Data Mining: An Introduction },
    BOOKTITLE = { Large-Scale Parallel Data Mining },
    PUBLISHER = { Springer-Verlag, Heidelberg, Germany },
    SERIES = { LNCS/LNAI State-of-the-Art Survey },
    VOLUME = { 1759 },
    YEAR = { 2000 },
    PDF = { LSPDM00-intro.pdf },
    KEYWORD = { Chapter,ParallelDM },
}

@article{p2p-clustering,
  author    = {Sanghamitra Bandyopadhyay et. al},
  title     = {Clustering distributed data streams in peer-to-peer environments},
  journal   = {Inf. Sci.},
  volume    = {176},
  number    = {14},
  year      = {2006},
  pages     = {1952-1985},
  ee        = {http://dx.doi.org/10.1016/j.ins.2005.11.007},
  bibsource = {DBLP, http://dblp.uni-trier.de}
}

@article{dist-k-mean,
author = {Khaled M. Hammouda and Mohamed S. Kamel},
title = {Hierarchically Distributed Peer-to-Peer Document Clustering and Cluster Summarization},
journal ={IEEE Transactions on Knowledge and Data Engineering},
volume = {21},
issn = {1041-4347},
year = {2009},
pages = {681-698},
doi = {http://doi.ieeecomputersociety.org/10.1109/TKDE.2008.189},
publisher = {IEEE Computer Society},
address = {Los Alamitos, CA, USA},
}

@inproceedings{kmeans,
  author = {J. B. MacQueen},
  booktitle = {Proc. of the fifth Berkeley Symposium on Mathematical Statistics and Probability},
  editor = {L. M. Le Cam and J. Neyman},
  pages = {281-297},
  publisher = {University of California Press},
  title = {Some Methods for Classification and Analysis of MultiVariate Observations},
  volume = 1,
  year = 1967,
  keywords = {kmeans},
}


@article{p2p-condor-flock,
 author = {Butt, Ali R. and Zhang, Rongmei and Hu, Y. Charlie},
 title = {A self-organizing flock of Condors},
 journal = {J. Parallel Distrib. Comput.},
 volume = {66},
 issue = {1},
 month = {January},
 year = {2006},
 issn = {0743-7315},
 pages = {145--161},
 numpages = {17},
 url = {http://dx.doi.org/10.1016/j.jpdc.2005.06.022},
 doi = {http://dx.doi.org/10.1016/j.jpdc.2005.06.022},
 acmid = {1139786},
 publisher = {Academic Press, Inc.},
 address = {Orlando, FL, USA},
 keywords = {Condor, Distributed resource discovery, Flocking, Peer-to-peer},
} 
@article{condor-flock,
	title = "A worldwide flock of {C}ondors: Load sharing among workstation clusters",
	author = "D.H.J. Epema and M. Livny and R. van Dantzig and X. Evers and J. Pruyne",
	journal = "Future Generation Computer Systems",
	volume = "12",
	year = "1996",
	pages = "53--65"
}

@INPROCEEDINGS{condor-g, 
author={Frey, J. and Tannenbaum, T. and Livny, M. and Foster, I. and Tuecke, S.}, 
booktitle={High Performance Distributed Computing, 2001. Proceedings. 10th IEEE International Symposium on}, title={Condor-G: a computation management agent for multi-institutional grids}, 
year={2001}, 
volume={}, 
number={}, 
pages={55 -63}, 
keywords={Condor-G;Globus;aggregated resources;computation management agent;computing resources;fault tolerance;job management;multi-domain resources;multi-institutional grids;personal domain;resource selection;security;storage resources;distributed programming;network operating systems;resource allocation;software agents;storage management;}, 
doi={10.1109/HPDC.2001.945176}, 
ISSN={},}

@ARTICLE{condor-glidein,
   author = {{Sfiligoi}, I.},
    title = "{glideinWMS a generic pilot-based workload management system}",
  journal = {Journal of Physics Conference Series},
     year = 2008,
    month = jul,
   volume = 119,
   number = 6,
    pages = {062044-+},
      doi = {10.1088/1742-6596/119/6/062044},
   adsurl = {http://adsabs.harvard.edu/abs/2008JPhCS.119f2044S},
  adsnote = {Provided by the SAO/NASA Astrophysics Data System}
}

@article{unstructured-p2p-grid-disc-sched,
author = {Shun Kit Kwan and Jogesh K. Muppala},
title = {Resource Discovery and Scheduling in Unstructured Peer-to-Peer Desktop Grids},
journal ={Parallel Processing Workshops, International Conference on},
volume = {0},
issn = {1530-2016},
year = {2010},
pages = {303-312},
doi = {http://doi.ieeecomputersociety.org/10.1109/ICPPW.2010.49},
publisher = {IEEE Computer Society},
address = {Los Alamitos, CA, USA},
}

@incollection {unstructured-structured-combined-sched,
   author = {Fischer, Thomas and Fudeus, Stephan and Merz, Peter},
   affiliation = {Department of Computer Science, University of Kaiserslautern, P.O. Box 3049, 67653 Kaiserslautern, Germany},
   title = {A Middleware for Job Distribution in Peer-to-Peer Networks},
   booktitle = {Applied Parallel Computing. State of the Art in Scientific Computing},
   series = {Lecture Notes in Computer Science},
   publisher = {Springer Berlin / Heidelberg},
   isbn = {},
   pages = {1147-1157},
   volume = {4699},
   url = {http://dx.doi.org/10.1007/978-3-540-75755-9_132},
   year = {2007}
}

@INPROCEEDINGS{t-man,
    author = {Mark Jelasity and Ozalp Babaoglu},
    title = {T-Man: Gossip-based overlay topology management},
    booktitle = {In 3rd Int. Workshop on Engineering Self-Organising Applications} ,
    year = {2005},
    pages = {1--15},
    publisher = {Springer-Verlag}
}

@article{superpeer,
author = {Beverly Yang and Hector Garcia-Molina},
title = {Designing a Super-Peer Network},
journal ={Data Engineering, International Conference on},
volume = {0},
issn = {1063-6382},
year = {2003},
pages = {49},
doi = {http://doi.ieeecomputersociety.org/10.1109/ICDE.2003.1260781},
publisher = {IEEE Computer Society},
address = {Los Alamitos, CA, USA},
}

@inproceedings{xtremweb,
 author = {Fedak, Gilles and Germain, Cecile and Neri, Vincent and Cappello, Franck},
 title = {XtremWeb: A Generic Global Computing System},
 booktitle = {Proceedings of the 1st International Symposium on Cluster Computing and the Grid},
 series = {CCGRID '01},
 year = {2001},
 isbn = {0-7695-1010-8},
 pages = {582--},
 url = {http://portal.acm.org/citation.cfm?id=560889.792355},
 acmid = {792355},
 publisher = {IEEE Computer Society},
 address = {Washington, DC, USA},
} 

@conference {futuregrid,
	title = {Design of the FutureGrid Experiment Management Framework},
	booktitle = {GCE2010 at SC10},
	year = {In Press},
	month = {11/2011},
	publisher = {IEEE},
	organization = {IEEE},
	address = {New Orleans},
	author = {Gregor von Laszewski and Geoffrey C. Fox and Fugang Wang and Younge, Andrew J and Archit Kulshrestha and Gregory G. Pike and Warren Smith and Jens Voeckler and Renato J. Figueiredo and Jose Fortes and Kate Keahey and Ewa Delman}
}

@INPROCEEDINGS{ipop, 
author={Ganguly, A. and Agrawal, A. and Boykin, P.O. and Figueiredo, R.}, 
booktitle={Parallel and Distributed Processing Symposium, 2006. IPDPS 2006. 20th International}, 
title={IP over P2P: enabling self-configuring virtual IP networks for grid computing}, 
year={2006}, 
month=april, 
volume={}, 
number={}, 
pages={10 pp.}, 
keywords={IP-based protocols;P2P networks;grid computing;grid resource access;peer-to-peer networks;self-configuring virtual IP networks;IP networks;grid computing;peer-to-peer computing;resource allocation;self-adjusting systems;transport protocols;}, 
doi={10.1109/IPDPS.2006.1639287}, 
ISSN={},}

@article{grid-workload,
 author = {Iosup, Alexandru and Li, Hui and Jan, Mathieu and Anoep, Shanny and Dumitrescu, Catalin and Wolters, Lex and Epema, Dick H. J.},
 title = {The Grid Workloads Archive},
 journal = {Future Gener. Comput. Syst.},
 volume = {24},
 issue = {7},
 month = {July},
 year = {2008},
 issn = {0167-739X},
 pages = {672--686},
 numpages = {15},
 url = {http://portal.acm.org/citation.cfm?id=1377055.1377376},
 doi = {10.1016/j.future.2008.02.003},
 acmid = {1377376},
 publisher = {Elsevier Science Publishers B. V.},
 address = {Amsterdam, The Netherlands, The Netherlands},
 keywords = {Grid computing, Grid traces, Grid workloads},
} 

@INPROCEEDINGS{mycluster, 
author={Walker, E. and Gardner, J.P. and Litvin, V. and Turner, E.L.}, 
booktitle={Challenges of Large Applications in Distributed Environments, 2006 IEEE}, title={Creating personal adaptive clusters for managing scientific jobs in a distributed computing environment}, 
year={2006}, 
volume={}, 
number={}, 
pages={95 -103}, 
keywords={Condor;NSF TeraGrid;Sun Grid Engine cluster;cooperative system;distributed computing environment;personal adaptive cluster;resource management;scientific job management;grid computing;resource allocation;workstation clusters;}, 
doi={10.1109/CLADE.2006.1652061}, 
ISSN={},}

@inproceedings{ourgrid,
address = {Seattle, WA, USA},
author = {Andrade, Nazareno and Cirne, Walfredo and Brasileiro, Francisco and Roisenberg, Paulo},
booktitle = {Proceedings of the 9th Workshop on Job Scheduling Strategies for Parallel Processing},
journal = {Proceedings of the 9th Workshop on Job Scheduling Strategies for Parallel Processing},
month = {June},
title = {OurGrid: An approach to easily assemble grids with equitable resource sharing},
year = {2003}
}

@INPROCEEDINGS{mygrid,
    author = {Lauro Beltrao Costa and Loreno Feitosa and Eliane Araujo and Gustavo Mendes and Roberta Coelho and Walfredo Cirne and Daniel Fireman},
    title = {MyGrid: A complete solution for running bag-of-tasks applications},
    booktitle = {In Proc. of the SBRC 2004  Salao de Ferramentas (22nd Brazilian Symposium on Computer Networks  III Special Tools Session},
    year = {2004}
}

@INPROCEEDINGS{p2p_mapreduce,
AUTHOR="K. Lee and T. Choi and A. Ganguly and D. Wolinsky and P. Boykin and R. Figueiredo",
TITLE="Parallel Processing Framework on a P2P System Using Map and Reduce Primitives",
BOOKTITLE="Eighth International Workshop on Hot Topics in Peer-to-Peer Systems",
YEAR=2011,
KEYWORDS="P2P;Peer-To-Peer;Parallel Processing;Map;Reduce;P2P Network Monitoring;Distributed data mining",
}

@INPROCEEDINGS{scope, 
author={Xin Chen and Shansi Ren and Haining Wang and Xiaodong zhang}, 
booktitle={INFOCOM 2005. 24th Annual Joint Conference of the IEEE Computer and Communications Societies. Proceedings IEEE}, title={SCOPE: scalable consistency maintenance in structured P2P systems}, 
year={2005}, 
month={march}, 
volume={3}, 
number={}, 
pages={ 1502 - 1513 vol. 3}, 
keywords={ dynamically-changing files management; failure-recovery; peer-to-peer systems; replica-partition-tree; scalable consistency maintenance; structured P2P systems; computer network reliability; file organisation; maintenance engineering; peer-to-peer computing; trees (mathematics);}, 
doi={10.1109/INFCOM.2005.1498434}, 
ISSN={0743-166X },}

@INPROCEEDINGS{p2p-tree-consistency, 
author={Yi Hu and Min Feng and Bhuyan, L.N.}, 
booktitle={INFOCOM, 2010 Proceedings IEEE}, title={A Balanced Consistency Maintenance Protocol for Structured P2P Systems}, 
year={2010}, 
month={march}, 
volume={}, 
number={}, 
pages={1 -5}, 
keywords={balanced consistency maintenance protocol;consistency strictness;data replication;dissemination tree;link failures;node migration policy;peer-to-peer systems;queueing model;replica nodes;resource limits;sliding window update protocol;window size;workload updates;peer-to-peer computing;protocols;queueing theory;trees (mathematics);}, 
doi={10.1109/INFCOM.2010.5462228}, 
ISSN={0743-166X},}

@ARTICLE{a-gap, 
author={Prieto, A.G. and Stadler, R.}, 
journal={Network and Service Management, IEEE Transactions on}, title={A-GAP: An Adaptive Protocol for Continuous Network Monitoring with Accuracy Objectives}, 
year={2007}, 
month={june }, 
volume={4}, 
number={1}, 
pages={2 -12}, 
keywords={adaptive protocol;aggregation function;average estimation error;continuous network monitoring;device counter;estimation error distribution;incremental aggregation;node failure;spanning tree;stochastic model;error statistics;estimation theory;protocols;stochastic processes;telecommunication network management;telecommunication network reliability;trees (mathematics);}, 
doi={10.1109/TNSM.2007.030101}, 
ISSN={1932-4537},}

@INPROCEEDINGS{wsn-tree-aggregation1, 
author={Yu, B. and Li, J. and Li, Y.}, 
booktitle={INFOCOM 2009, IEEE}, title={Distributed Data Aggregation Scheduling in Wireless Sensor Networks}, 
year={2009}, 
month={april}, 
volume={}, 
number={}, 
pages={2159 -2167}, 
keywords={distributed algorithm;distributed data aggregation scheduling;multiplicative factor;wireless sensor networks;wireless sensor networks;}, 
doi={10.1109/INFCOM.2009.5062140}, 
ISSN={0743-166X},}

@INPROCEEDINGS{wsn-tree-aggregation2, 
author={Changhee Joo and Jin-Ghoo Choi and Shroff, N.B.}, 
booktitle={INFOCOM, 2010 Proceedings IEEE}, title={Delay Performance of Scheduling with Data Aggregation in Wireless Sensor Networks}, 
year={2010}, 
month={march}, 
volume={}, 
number={}, 
pages={1 -9}, 
keywords={data aggregation;delay performance;in-network aggregation;nonmyopic greedy scheduling;wireless sensor networks;optimisation;telecommunication network topology;wireless sensor networks;}, 
doi={10.1109/INFCOM.2010.5462134}, 
ISSN={0743-166X},}

@inproceedings{portland,
 author = {Niranjan Mysore, Radhika and Pamboris, Andreas and Farrington, Nathan and Huang, Nelson and Miri, Pardis and Radhakrishnan, Sivasankar and Subramanya, Vikram and Vahdat, Amin},
 title = {PortLand: a scalable fault-tolerant layer 2 data center network fabric},
 booktitle = {Proceedings of the ACM SIGCOMM 2009 conference on Data communication},
 series = {SIGCOMM '09},
 year = {2009},
 isbn = {978-1-60558-594-9},
 location = {Barcelona, Spain},
 pages = {39--50},
 numpages = {12},
 url = {http://doi.acm.org/10.1145/1592568.1592575},
 doi = {http://doi.acm.org/10.1145/1592568.1592575},
 acmid = {1592575},
 publisher = {ACM},
 address = {New York, NY, USA},
 keywords = {data center network fabric, layer 2 routing in data centers},
}

@INPROCEEDINGS{splitstream,
    author = {Miguel Castro and Peter Druschel and Anne-marie Kermarrec and Animesh Nandi and Antony Rowstron and Atul Singh},
    title = {Splitstream: High-bandwidth multicast in a cooperative environment},
    booktitle = {In SOSP03},
    year = {2003}
} 

@inproceedings{scribe,
 author = {Rowstron, Antony I. T. and Kermarrec, Anne-Marie and Castro, Miguel and Druschel, Peter},
 title = {SCRIBE: The Design of a Large-Scale Event Notification Infrastructure},
 booktitle = {Proceedings of the Third International COST264 Workshop on Networked Group Communication},
 series = {NGC '01},
 year = {2001},
} 

@INPROCEEDINGS{topk-wsn,
AUTHOR="Hongbo Jiang and Jie Cheng and Dan Wang and Chonggang Wang and Guang Tan",
TITLE="Continuous Multi-dimensional Top-k Query Processing in Sensor Networks",
BOOKTITLE="Proceedings IEEE INFOCOM",
ADDRESS="Shanghai, P.R. China",
PAGES="793-801",
DAYS=10,
MONTH=apr,
YEAR=2011
}

@article{sdims,
 author = {Yalagandula, Praveen and Dahlin, Mike},
 title = {A scalable distributed information management system},
 journal = {SIGCOMM Comput. Commun. Rev.},
 year = {2004},
 acmid = {1015509},
 publisher = {ACM},
 address = {New York, NY, USA},
 keywords = {distributed hash tables, information management system, networked system monitoring},
} 

@inproceedings{mtreebone,
 author = {Wang, Feng and Xiong, Yongqiang and Liu, Jiangchuan},
 title = {mTreebone: A Hybrid Tree/Mesh Overlay for Application-Layer Live Video Multicast},
 booktitle = {27th International Conference on Distributed Computing Systems},
 year = {2007},
}

@inproceedings{moara,
 author = {Ko, Steven Y. and Yalagandula, Praveen and Gupta, Indranil and Talwar, Vanish and Milojicic, Dejan and Iyer, Subu},
 title = {Moara: flexible and scalable group-based querying system},
 booktitle = {9th ACM/IFIP/USENIX International Conference on Middleware},
 year = {2008},
} 

@INPROCEEDINGS{dual_tree, 
author={Aiguo Fei and Junhong Cui and Gerla, M. and Cavendish, D.}, 
booktitle={Communications, IEEE International Conference on}, 
title={A "dual-tree" scheme for fault-tolerant multicast}, 
year={2001}, 
keywords={ATM networks;IP networks;communications reliability;directed graph;dual-tree structure;fault-tolerance;fault-tolerant multicast;high-speed communication networks;link failure protection;multicast communications;multicast tree cost;network node failure protection;network routing;pre-planned failure recovery;primary multicast tree;restoration time;secondary multicast tree;simulation experiments;fault tolerance;multicast communication;telecommunication network reliability;telecommunication network routing;trees (mathematics);},
doi={10.1109/ICC.2001.937328}, 
ISSN={},} 

@ARTICLE{proactive-tree, 
author={Zongming Fei and Mengkun Yang}, 
journal={Networking, IEEE/ACM Transactions on}, title={A Proactive Tree Recovery Mechanism for Resilient Overlay Multicast}, 
year={2007}, 
keywords={IP multicast;multicast delivery tree;non-leaf node precalculates;proactive tree recovery mechanism;resilient overlay multicast;IP networks;computer network reliability;failure analysis;multicast communication;telecommunication network routing;}, 
doi={10.1109/TNET.2006.890086}, 
ISSN={1063-6692},}

@INPROCEEDINGS{packet_drop_markov, 
author={Yajnik, M. and Sue Moon and Kurose, J. and Towsley, D.}, 
booktitle={INFOCOM '99.}, title={Measurement and modelling of the temporal dependence in packet loss }, 
year={1999}, 
keywords={2-state Markov chain model;Bernoulli model;Internet;adaptive applications;autocorrelation function;average loss rate;correlation timescale;delay-sensitive multimedia applications;exponential smoothing;k-th order Markov chain model;memory size;models accuracy;multicast packet loss measurement;on-line loss estimation;packet loss;sliding window average;temporal dependence;unicast packet loss measurement;Internet;Markov processes;correlation methods;loss measurement;multicast communication;multimedia communication;packet switching;performance evaluation;}, 
ISSN={},}

@article{chord_balanced_tree,
 author = {Huang, Kun and Zhang, Dafang},
 title = {DHT-based lightweight broadcast algorithms in large-scale computing infrastructures},
 journal = {Futu. Gener. Comput. Sys.},
 year = {2010},
 acmid = {1663988},
 publisher = {Elsevier Science Publishers B. V.},
 address = {Amsterdam, The Netherlands, The Netherlands},
 keywords = {Broadcast, Distributed hash table, Grid, Load balancing, Peer-to-Peer network},
} 

@techreport{markov_packet_drop,
 author = {Yajnik, M. and Kurose, J. and Towsley, D.},
 title = {Packet Loss Correlation in the MBone Multicast Network Experimental Measurements and Markov Chain Models},
 year = {1995},
 source = {http://www.ncstrl.org:8900/ncstrl/servlet/search?formname=detail\&id=oai%3Ancstrlh%3Aumass_cs%3Ancstrl.umassa_cs%2F%2FUM-CS-1995-115},
 publisher = {University of Massachusetts},
 address = {Amherst, MA, USA},
} 

@InProceedings{peerson,
       author =    "Sonja Buchegger and Doris Schi{\"{o}}berg and Le Hung Vu and Anwitaman Datta",
       title =     "PeerSoN: P2P Social Networking - Early Experiences and Insights",
       booktitle = "Proceedings of the Second ACM Workshop on Social Network Systems Social Network Systems 2009",
       year =      "2009",
       month =     "March 31,"
}

@ARTICLE{safebook, 
author={Cutillo, L.A. and Molva, R. and Strufe, T.}, 
journal={Communications Magazine, IEEE}, 
title={Safebook: A privacy-preserving online social network leveraging on real-life trust}, 
year={2009}, 
keywords={Safebook;data management functions;data storage;privacy exposures;privacy-preserving online social network;data privacy;social networking (online);}, 
}

@INPROCEEDINGS{osn_data,
    author = {Alan Mislove and Massimiliano Marcon and Krishna P. Gummadi and Peter Druschel and Bobby Bhattacharjee},
    title = {Measurement and Analysis of Online Social Networks},
    booktitle = {In Proceedings of the 5th ACM/USENIX Internet Measurement Conference (IMC07)},
    year = {2007}
}

@misc{nate_hack,
  author = {},
  title = {35m Cyworld, Nate users information hacked},
  year = {2011},
  url = {http://www.koreaherald.com/national/Detail.jsp?newsMLId=20110728000881}
}

@misc{egypt,
  author = {},
  title = {Egypt's move to block Twitter a sign of social media influence},
  year = {2011},
  url = {http://www.computerworld.com/s/article/9206618/Egypt_s_move_to_block_Twitter_a_sign_of_social_media_influence}
}

@INPROCEEDINGS{spidercast,
    author = {Gregory Chockler and Roie Melamed and Yoav Tock},
    title = {Spidercast: A scalable interest aware overlay for topic-based pub/sub communication},
    institution = {In Proceedings of the 2007 inaugural international conference on Distributed event-based systems (DEBS 2007)},
}

@INPROCEEDINGS{magnet,
 author = {Girdzijauskas, Sarunas and Chockler, Gregory and Vigfusson, Ymir and Tock, Yoav and Melamed, Roie},
 title = {Magnet: practical subscription clustering for Internet-scale publish/subscribe},
 booktitle = {Proceedings of the Fourth ACM International Conference on Distributed Event-Based Systems},
 series = {DEBS '10},
 year = {2010},
} 

@MISC{min_max_pub_sub,
    author = {Melih Onus and Andr�a W. Richa},
    title = {Parameterized Maximum and Average Degree Approximation in Topic-based Publish-Subscribe Overlay Network Design},
    year = {2010},
    booktitle={Distributed Computing Systems (ICDCS), 2010 30th International Conference on}, 
}

@INPROCEEDINGS{vitis, 
author={Rahimian, F. and Girdzijauskas, S. and Payberah, A.H. and Haridi, S.}, 
booktitle={Parallel Distributed Processing Symposium (IPDPS), 2011 IEEE International}, 
title={Vitis: A Gossip-based Hybrid Overlay for Internet-scale Publish/Subscribe Enabling Rendezvous Routing in Unstructured Overlay Networks}, 
year={2011}, 
month={may}, 
volume={}, 
number={}, 
keywords={Internet-scale publish-subscribe system;Vitis;data dissemination;gossip-based hybrid overlay;large-scale system;peer-to-peer overlay network;rendezvous routing;resource consumption;unstructured overlay network;Internet;large-scale systems;message passing;middleware;peer-to-peer computing;}, 
doi={10.1109/IPDPS.2011.75}, 
}

@INPROCEEDINGS{sub2sub,
    author = {Spyros Voulgaris and Etienne Rivi�re and Anne-Marie Kermarrec and Maarten Van Steen},
    title = {Sub-2-Sub: Self-Organizing Content-Based Publish Subscribe for Dynamic Large Scale Collaborative Networks},
    booktitle = {In IPTPS�06: the fifth International Workshop on Peer-to-Peer Systems},
    year = {2006}
}

@INPROCEEDINGS{minmax_mapreduce, 
author={Chen Chen and Vitenberg, R. and Jacobsen, H.-A.}, 
booktitle={Distributed Computing Systems (ICDCS), 2011 31st International Conference on}, 
title={Scaling Construction of Low Fan-out Overlays for Topic-Based Publish/Subscribe Systems}, 
year={2011}, 
month={june}, 
volume={}, 
number={}, 
keywords={cost;fan-out overlay;logarithmic approximation;minmax-TCO problem;scaling construction;topic-based publish-subscribe system;information dissemination;message passing;minimax techniques;}, 
doi={10.1109/ICDCS.2011.68}, 
ISSN={1063-6927},
}

@inproceedings{min_avg,
 author = {Chockler, Gregory and Melamed, Roie and Tock, Yoav and Vitenberg, Roman},
 title = {Constructing scalable overlays for pub-sub with many topics},
 booktitle = {Proceedings of the twenty-sixth annual ACM symposium on Principles of distributed computing},
 series = {PODC '07},
 year = {2007},
 isbn = {978-1-59593-616-5},
 location = {Portland, Oregon, USA},
 numpages = {10},
 keywords = {application-level multicast, optimization problems, overlay networks, peer-to-peer, pub/sub},
} 

@article{rappel,
 author = {Patel, Jay A. and Rivi\`{e}re, \'{E}tienne and Gupta, Indranil and Kermarrec, Anne-Marie},
 title = {Rappel: Exploiting interest and network locality to improve fairness in publish-subscribe systems},
 journal = {Comput. Netw.},
 volume = {53},
 issue = {13},
 month = {August},
 year = {2009},
 issn = {1389-1286},
 pages = {2304--2320},
 numpages = {17},
 acmid = {1570625},
 publisher = {Elsevier North-Holland, Inc.},
 address = {New York, NY, USA},
 keywords = {Application-level multicast, Gossip-based overlay construction, Publish-subscribe, Self-organization},
} 

@inproceedings{tera,
 author = {Baldoni, Roberto and Beraldi, Roberto and Quema, Vivien and Querzoni, Leonardo and Tucci-Piergiovanni, Sara},
 title = {TERA: topic-based event routing for peer-to-peer architectures},
 booktitle = {Proceedings of the 2007 inaugural international conference on Distributed event-based systems},
 series = {DEBS '07},
 year = {2007},
 isbn = {978-1-59593-665-3},
 location = {Toronto, Ontario, Canada},
 keywords = {data distribution, gossip-based algorithms, publish-subscribe},
}

@INPROCEEDINGS{oversoc, 
author={Wolinsky, D.I. and Juste, P.S. and Boykin, P.O. and Figueiredo, R.}, 
booktitle={Enabling Technologies: Infrastructures for Collaborative Enterprises (WETICE), 2010 19th IEEE International Workshop on}, 
title={OverSoc: Social Profile Based Overlays}, 
year={2010}, 
month={june}, 
volume={}, 
number={}, 
pages={205 -210}, 
keywords={Facebook;Internet activities;MySpace;OverSoc;P2P overlays;bootstraps connectivity;decentralized social networks;friend discovery;online social networking;peer-to-peer systems;public key infrastructure;social profile;user interactions;Internet;peer-to-peer computing;public key cryptography;social networking (online);user interfaces;}, 
doi={10.1109/WETICE.2010.39}, 
ISSN={1524-4547},} 

@INPROCEEDINGS{decen_vpn, 
author={Wolinsky, D.I. and Kyungyong Lee and Boykin, P.O. and Figueiredo, R.}, 
booktitle={Collaborative Computing: Networking, Applications and Worksharing (CollaborateCom)}, 
title={On the design of autonomic, decentralized VPNs}, 
year={2010}, 
month={oct.}, 
volume={}, 
number={}, 
keywords={DTLS;IP-over-P2P overlay networks;IPOP overlay networks;VPN server;autonomic decentralized VPN;centralized system;datagram transport layer security;direct low-latency high-throughput links;virtual private network;IP networks;computer network security;network servers;peer-to-peer computing;virtual private networks;}, 
doi={}, 
ISSN={},}

@article{socialvpn,
 author = {Juste, Pierre St. and Wolinsky, David and Oscar Boykin, P. and Covington, Michael J. and Figueiredo, Renato J.},
 title = {SocialVPN: Enabling wide-area collaboration with integrated social and overlay networks},
 journal = {Comput. Netw.},
 month = {August},
 year = {2010},
 keywords = {Collaborative systems, Overlay networks, P2P networks, Socialvpn},
} 
@INPROCEEDINGS{litter, 
author={St Juste, P. and Wolinsky, D. and Boykin, P. and Figueiredo, R.}, 
booktitle={Social Computing (SocialCom)}, 
title={Litter: A Lightweight Peer-to-Peer Microblogging Service}, 
year={2011}, 
month={oct.}, 
ISSN={},}

@INPROCEEDINGS{social_butterfly, 
author={Han, Lu and  Nath, Badri and Liviu, Iftode and Muthukrishna, S.}, 
booktitle={Social Computing (SocialCom),}, 
title={Social Butterfly: Social Caches for Distributed Social Networks}, 
year={2011}, 
month={oct.}, 
ISSN={},}

@INPROCEEDINGS{tman,
    author = {M�rk Jelasity and Ozalp Babaoglu},
    title = {T-Man: Gossip-based overlay topology management},
    booktitle = {In 3rd Int. Workshop on Engineering Self-Organising Applications (ESOA�05},
    year = {2005},
}

@INPROCEEDINGS{unstr_rd_cache, 
author={Filali, I. and Huet, F. and Vergoni, C.}, 
booktitle={Cluster Computing and the Grid, 2008. CCGRID '08. 8th IEEE International Symposium on}, 
title={A Simple Cache Based Mechanism for Peer to Peer Resource Discovery in Grid Environments}, 
year={2008}, 
month={may}, 
volume={}, 
number={}, 
pages={602 -608}, 
keywords={cache-based mechanism;distributed systems;geographically distributed resources;grid environments;high performance computing;peer-to-peer network;peer-to-peer resource discovery;push-pull strategy;resource requirements;cache storage;grid computing;peer-to-peer computing;resource allocation;}, 
doi={10.1109/CCGRID.2008.110}, 
ISSN={},}

@INPROCEEDINGS{superpeer_cluster_rd,
    author = {Stefano Moncelli and Ranieri Baraglia and Nicola Tonellotto and Fabrizio Silvestri},
    title = {A grid information service based on peer-to-peer},
    booktitle = {In Lecture Notes in Computer Science 2648, Proceeeding of Euro-Par},
    year = {2005},
    pages = {454--464},
    publisher = {Springer}
}

@misc{nimbus,
  author = {Nimbus},
  title = {http://www.nimbusproject.org},
  year = {2011},
  url = {http://www.nimbusproject.org}
}

@misc{eucalyptus,
  author = {Eucalyptus},
  title = {http://open.eucalyptus.com/},
  year = {2011},
  url = {http://open.eucalyptus.com/}
}

@INPROCEEDINGS{maan,
    author = {Min Cai and Martin Frank and Jinbo Chen and Pedro Szekely},
    title = {MAAN: A multi-attribute addressable network for grid information services},
    booktitle = {Journal of Grid Computing},
    year = {2003},
    pages = {184},
    publisher = {IEEE Computer Society}
}

@article{superpeer_rd,
 author = {Mastroianni, Carlo and Talia, Domenico and Verta, Oreste},
 title = {A super-peer model for resource discovery services in large-scale grids},
 journal = {Future Gener. Comput. Syst.},
 volume = {21},
 issue = {8},
 month = {October},
 year = {2005},
 issn = {0167-739X},
 pages = {1235--1248},
 numpages = {14},
 url = {http://dx.doi.org/10.1016/j.future.2005.06.001},
 doi = {http://dx.doi.org/10.1016/j.future.2005.06.001},
 acmid = {1149001},
 publisher = {Elsevier Science Publishers B. V.},
 address = {Amsterdam, The Netherlands, The Netherlands},
} 

@article{condor_scalability,
  author={D Bradley and T St Clair and M Farrellee and Z Guo and M Livny and I Sfiligoi and T Tannenbaum},
  title={An update on the scalability limits of the Condor batch system},
  journal={Journal of Physics: Conference Series},
  volume={331},
  number={6},
  pages={062002},
  url={http://stacks.iop.org/1742-6596/331/i=6/a=062002},
  year={2011},
}

@INPROCEEDINGS{superpeer-puppin,
    author = {Diego Puppin and Stefano Moncelli and Ranieri Baraglia and Nicola Tonellotto and Fabrizio Silvestri},
    title = {A grid information service based on peer-to-peer},
    booktitle = {In Lecture Notes in Computer Science 2648, Proceeeding of Euro-Par},
    year = {2005},
    pages = {454--464},
    publisher = {Springer}
}

@TECHREPORT{pht,
    author = {Sriram Ramabhadran and Sylvia Ratnasamy and Joseph M. Hellerstein and Scott Shenker},
    title = {Prefix Hash Tree: An Indexing Data Structure over Distributed Hash Tables},
    institution = {},
    year = {2004}
}

@INPROCEEDINGS{dring, 
author={Hidalgo, N. and Rosas, E. and Arantes, L. and Marin, O. and Sens, P. and Bonnaire, X.}, 
booktitle={Computer and Information Technology (CIT), 2011 IEEE 11th International Conference on}, 
title={DRing: A Layered Scheme for Range Queries over DHTs}, 
year={2011}, 
keywords={DRing;data distribution;data insertion operations;data searches;large-scale networks;layered scheme;load balancing;low latency search operations;optimistic approach;ring-like DHT structure;file organisation;peer-to-peer computing;query processing;resource allocation;}, 
ISSN={},}

@inproceedings{pond,
 author = {Lee, Kyungyong and Wolinsky, David and Figueiredo, Renato J.},
 title = {PonD: dynamic creation of HTC pool on demand using a decentralized resource discovery system},
 booktitle = {Proceedings of the 21st international symposium on High-Performance Parallel and Distributed Computing},
 series = {HPDC '12},
 year = {2012},
 isbn = {978-1-4503-0805-2},
 location = {Delft, The Netherlands},
 pages = {161--172},
 numpages = {12},
 url = {http://doi.acm.org/10.1145/2287076.2287105},
 doi = {10.1145/2287076.2287105},
 acmid = {2287105},
 publisher = {ACM},
 address = {New York, NY, USA},
 keywords = {P2P, high-throughput computing, resource discovery, self-configuration, virtual resources},
} 

@inproceedings{gia,
 author = {Chawathe, Yatin and Ratnasamy, Sylvia and Breslau, Lee and Lanham, Nick and Shenker, Scott},
 title = {Making gnutella-like P2P systems scalable},
 booktitle = {Proceedings of the 2003 conference on Applications, technologies, architectures, and protocols for computer communications},
 series = {SIGCOMM '03},
 year = {2003},
 isbn = {1-58113-735-4},
 location = {Karlsruhe, Germany},
 pages = {407--418},
 numpages = {12},
 url = {http://doi.acm.org/10.1145/863955.864000},
 doi = {10.1145/863955.864000},
 acmid = {864000},
 publisher = {ACM},
 address = {New York, NY, USA},
 keywords = {Gnutella, distributed hash tables, peer-to-peer},
}

@INPROCEEDINGS{oversim, 
author={Baumgart, I. and Heep, B. and Krause, S.}, 
booktitle={IEEE Global Internet Symposium, 2007}, title={OverSim: A Flexible Overlay Network Simulation Framework}, 
year={2007}, 
month={may}, 
volume={}, 
number={}, 
pages={79 -84}, 
keywords={OMNeT++;OverSim;flexible overlay network simulation framework;generic lookup mechanism;overlay protocols;peer-to- peer networks;peer-to-peer protocols;graphical user interfaces;peer-to-peer computing;protocols;}, 
doi={10.1109/GI.2007.4301435}, 
ISSN={},} 

@inproceedings{oversim-setting,
 author = {Baumgart, Ingmar and Gamer, Thomas and H\"{u}bsch, Christian and Mayer, Christoph P.},
 title = {Realistic underlays for overlay simulation},
 booktitle = {Proceedings of the 4th International ICST Conference on Simulation Tools and Techniques},
 series = {SIMUTools '11},
 year = {2011},
 isbn = {978-1-936968-00-8},
 location = {Barcelona, Spain},
 pages = {402--405},
 numpages = {4},
 url = {http://dl.acm.org/citation.cfm?id=2151054.2151125},
 acmid = {2151125},
 publisher = {ICST (Institute for Computer Sciences, Social-Informatics and Telecommunications Engineering)},
 address = {ICST, Brussels, Belgium, Belgium},
}

@inproceedings{p2p-session-time,
 author = {Gummadi, Krishna P. and Dunn, Richard J. and Saroiu, Stefan and Gribble, Steven D. and Levy, Henry M. and Zahorjan, John},
 title = {Measurement, modeling, and analysis of a peer-to-peer file-sharing workload},
 booktitle = {Proceedings of the nineteenth ACM symposium on Operating systems principles},
 series = {SOSP '03},
 year = {2003},
 isbn = {1-58113-757-5},
 location = {Bolton Landing, NY, USA},
 pages = {314--329},
 numpages = {16},
 url = {http://doi.acm.org/10.1145/945445.945475},
 doi = {10.1145/945445.945475},
 acmid = {945475},
 publisher = {ACM},
 address = {New York, NY, USA},
 keywords = {Zipf's law, measurement, modeling, multimedia workloads, peer-to-peer},
} 

@INPROCEEDINGS{seti-st, 
author={Kondo, D. and Andrzejak, A. and Anderson, D.P.}, 
booktitle={Grid Computing, 2008 9th IEEE/ACM International Conference on}, title={On correlated availability in Internet-distributed systems}, 
year={2008}, 
month={29 2008-oct. 1}, 
volume={}, 
number={}, 
pages={276 -283}, 
keywords={Internet;clustering techniques;correlated availability;distributed systems;parallel computing;resource management;volunteer computing;Internet;parallel processing;}, 
doi={10.1109/GRID.2008.4662809}, 
ISSN={},} 

@ARTICLE{seti-available, 
author={Javadi, B. and Kondo, D. and Vincent, J.-M. and Anderson, D.P.}, 
journal={Parallel and Distributed Systems, IEEE Transactions on}, title={Discovering Statistical Models of Availability in Large Distributed Systems: An Empirical Study of SETI@home}, 
year={2011}, 
month={nov. }, 
volume={22}, 
number={11}, 
pages={1896 -1903}, 
keywords={Internet-distributed system;P2P computing;SETI@home;cloud computing;grid computing;large distributed systems;probability distributions;statistical models;stochastic scheduling algorithms;volunteer distributed computing;Internet;scheduling;statistical analysis;}, 
doi={10.1109/TPDS.2011.50}, 
ISSN={1045-9219},}

@INPROCEEDINGS{vc-mr-result-check, 
author={Moca, M. and Silaghi, G.C. and Fedak, G.}, 
booktitle={Parallel and Distributed Processing Workshops and Phd Forum (IPDPSW), 2011 IEEE International Symposium on}, title={Distributed Results Checking for MapReduce in Volunteer Computing}, 
year={2011}, 
month={may}, 
volume={}, 
number={}, 
pages={1847 -1854}, 
keywords={BitDew;Internet;MapReduce;data intensive applications;desktop grid environment;distributed results checking;majority voting method;middleware;volunteer computing;Internet;grid computing;middleware;}, 
doi={10.1109/IPDPS.2011.351}, 
ISSN={1530-2075},}

@ARTICLE{hadoop-scalability-update,
author={Shvachko, Konstantin},
journal={USENIX, login Volume 36 No 3},
year={2011},
month={June},
title={Apache Haoop The Scalability Update},
url={https://www.usenix.org/system/files/login/articles/105470-Shvachko.pdf},
}

@inproceedings{moon,
 author = {Lin, Heshan and Ma, Xiaosong and Archuleta, Jeremy and Feng, Wu-chun and Gardner, Mark and Zhang, Zhe},
 title = {MOON: MapReduce On Opportunistic eNvironments},
 booktitle = {Proceedings of the 19th ACM International Symposium on High Performance Distributed Computing},
 series = {HPDC '10},
 year = {2010},
 isbn = {978-1-60558-942-8},
 location = {Chicago, Illinois},
 pages = {95--106},
 numpages = {12},
 url = {http://doi.acm.org/10.1145/1851476.1851489},
 doi = {10.1145/1851476.1851489},
 acmid = {1851489},
 publisher = {ACM},
 address = {New York, NY, USA},
 keywords = {MapReduce, cloud computing, volunteer computing},
} 

@inproceedings{adapt,
 author = {Jin, Hui and Yang, Xi and Sun, Xian-He and Raicu, Ioan},
 booktitle = {Proceedings of the the 32nd International Conference on Distributed Computing Systems},
 title = {ADAPT: Availability-aware MapReduce Data Placement for Non-Dedicated Distributed Computing},
 series = {ICDCS 2012},
 year = {2012},
} 

@INPROCEEDINGS{mr-bitdew, 
author={Bing Tang and Moca, M. and Chevalier, S. and Haiwu He and Fedak, G.}, 
booktitle={P2P, Parallel, Grid, Cloud and Internet Computing (3PGCIC), 2010 International Conference on}, title={Towards MapReduce for Desktop Grid Computing}, 
year={2010}, 
month={nov.}, 
volume={}, 
number={}, 
pages={193 -200}, 
keywords={Bit Dew middleware;MapReduce programming model;Word Count benchmark;barriers-free execution feature;desktop grid computing;distributed result checking feature;fault tolerance feature;latency-hiding optimisation feature;replica management feature;grid computing;middleware;}, 
doi={10.1109/3PGCIC.2010.33}, 
ISSN={},}

@INPROCEEDINGS{vc-mr-cloud, 
author={Costa, F. and Silva, L. and Dahlin, M.}, 
booktitle={Parallel and Distributed Processing Workshops and Phd Forum (IPDPSW), 2011 IEEE International Symposium on}, title={Volunteer Cloud Computing: MapReduce over the Internet}, 
year={2011}, 
month={may}, 
volume={}, 
number={}, 
pages={1855 -1862}, 
keywords={BOINC;Internet;MapReduce;computational devices;computing resources;distributed independent task;distributed resources;master-worker model;middleware;pull-model;volunteer cloud computing;cloud computing;middleware;resource allocation;}, 
doi={10.1109/IPDPS.2011.345}, 
ISSN={1530-2075},}

@INPROCEEDINGS{fta, 
author={Kondo, Derrick and Javadi, Bahman and Iosup, Alexandru and Epema, Dick}, 
booktitle={Cluster, Cloud and Grid Computing (CCGrid), 2010 10th IEEE/ACM International Conference on}, title={The Failure Trace Archive: Enabling Comparative Analysis of Failures in Diverse Distributed Systems}, 
year={2010}, 
month={may}, 
volume={}, 
number={}, 
pages={398 -407}, 
keywords={}, 
doi={10.1109/CCGRID.2010.71}, 
ISSN={},}

@inproceedings{delay-scheduler,
 author = {Zaharia, Matei and Borthakur, Dhruba and Sen Sarma, Joydeep and Elmeleegy, Khaled and Shenker, Scott and Stoica, Ion},
 title = {Delay scheduling: a simple technique for achieving locality and fairness in cluster scheduling},
 booktitle = {Proceedings of the 5th European conference on Computer systems},
 series = {EuroSys '10},
 year = {2010},
 isbn = {978-1-60558-577-2},
 location = {Paris, France},
 pages = {265--278},
 numpages = {14},
 url = {http://doi.acm.org/10.1145/1755913.1755940},
 doi = {10.1145/1755913.1755940},
 acmid = {1755940},
 publisher = {ACM},
 address = {New York, NY, USA},
 keywords = {cluster computing, fair sharing, mapreduce, scheduling},
} 

@inproceedings{swim,
 author = {Chen, Yanpei and Ganapathi, Archana and Griffith, Rean and Katz, Randy},
 title = {The Case for Evaluating MapReduce Performance Using Workload Suites},
 booktitle = {Proceedings of the 2011 IEEE 19th Annual International Symposium on Modelling, Analysis, and Simulation of Computer and Telecommunication Systems},
 series = {MASCOTS '11},
 year = {2011},
 isbn = {978-0-7695-4430-4},
 pages = {390--399},
 numpages = {10},
 url = {http://dx.doi.org/10.1109/MASCOTS.2011.12},
 doi = {10.1109/MASCOTS.2011.12},
 acmid = {2060856},
 publisher = {IEEE Computer Society},
 address = {Washington, DC, USA},
 keywords = {MapReduce, performance, workload, benchmark},
} 

@inproceedings{spequlos,
 author = {Delamare, Simon and Fedak, Gilles and Kondo, Derrick and Lodygensky, Oleg},
 title = {SpeQuloS: a QoS service for BoT applications using best effort distributed computing infrastructures},
 booktitle = {Proceedings of the 21st international symposium on High-Performance Parallel and Distributed Computing},
 series = {HPDC '12},
 year = {2012},
 isbn = {978-1-4503-0805-2},
 location = {Delft, The Netherlands},
 pages = {173--186},
 numpages = {14},
 url = {http://doi.acm.org/10.1145/2287076.2287106},
 doi = {10.1145/2287076.2287106},
 acmid = {2287106},
 publisher = {ACM},
 address = {New York, NY, USA},
 keywords = {QoS, cloud, distributed computing infrastructures, grids},
}

@ARTICLE{hadoop-scalability,
author={Shvachko, Konstantin},
journal={USENIX, login Volume 35 No 2},
year={2010},
month={April},
title={HDFS Scalability: The Limits to Growth},
url={https://www.usenix.org/system/files/login/articles/105470-Shvachko.pdf},
}

@INPROCEEDINGS{availability-clustering, 
author={Kondo, D. and Andrzejak, A. and Anderson, D.P.}, 
booktitle={Grid Computing, 2008 9th IEEE/ACM International Conference on}, title={On correlated availability in Internet-distributed systems}, 
year={2008}, 
month={29 2008-oct. 1}, 
volume={}, 
number={}, 
pages={276 -283}, 
keywords={Internet;clustering techniques;correlated availability;distributed systems;parallel computing;resource management;volunteer computing;Internet;parallel processing;}, 
doi={10.1109/GRID.2008.4662809}, 
ISSN={},}

@ARTICLE{availability-modeling, 
author={Javadi, B. and Kondo, D. and Vincent, J.-M. and Anderson, D.P.}, 
journal={Parallel and Distributed Systems, IEEE Transactions on}, title={Discovering Statistical Models of Availability in Large Distributed Systems: An Empirical Study of SETI@home}, 
year={2011}, 
month={nov. }, 
volume={22}, 
number={11}, 
pages={1896 -1903}, 
keywords={Internet-distributed system;P2P computing;SETI@home;cloud computing;grid computing;large distributed systems;probability distributions;statistical models;stochastic scheduling algorithms;volunteer distributed computing;Internet;scheduling;statistical analysis;},
doi={10.1109/TPDS.2011.50}, 
ISSN={1045-9219},}

@INPROCEEDINGS{dist-result-verify, 
author={Moca, M. and Silaghi, G.C. and Fedak, G.}, 
booktitle={Parallel and Distributed Processing Workshops and Phd Forum (IPDPSW), 2011 IEEE International Symposium on}, title={Distributed Results Checking for MapReduce in Volunteer Computing}, 
year={2011}, 
month={may}, 
volume={}, 
number={}, 
pages={1847 -1854}, 
keywords={BitDew;Internet;MapReduce;data intensive applications;desktop grid environment;distributed results checking;majority voting method;middleware;volunteer computing;Internet;grid computing;middleware;}, 
doi={10.1109/IPDPS.2011.351}, 
ISSN={1530-2075},}

@inproceedings{bitdew,
 author = {Fedak, Gilles and He, Haiwu and Cappello, Franck},
 title = {BitDew: a programmable environment for large-scale data management and distribution},
 booktitle = {Proceedings of the 2008 ACM/IEEE conference on Supercomputing},
 series = {SC '08},
 year = {2008},
 isbn = {978-1-4244-2835-9},
 location = {Austin, Texas},
 pages = {45:1--45:12},
 articleno = {45},
 numpages = {12},
 url = {http://dl.acm.org/citation.cfm?id=1413370.1413416},
 acmid = {1413416},
 publisher = {IEEE Press},
 address = {Piscataway, NJ, USA},
}

@INPROCEEDINGS{availability-nurmi,
    author = {Daniel Nurmi and John Brevik and Rich Wolski},
    title = {Modeling Machine Availability in Enterprise and Wide-area Distributed Computing Environments},
    booktitle = {In Euro-Par�05},
    year = {2003},
    pages = {432--441}
}

@inproceedings{scarlett,
 author = {Ananthanarayanan, Ganesh and Agarwal, Sameer and Kandula, Srikanth and Greenberg, Albert and Stoica, Ion and Harlan, Duke and Harris, Ed},
 title = {Scarlett: coping with skewed content popularity in mapreduce clusters},
 booktitle = {Proceedings of the sixth conference on Computer systems},
 series = {EuroSys '11},
 year = {2011},
 isbn = {978-1-4503-0634-8},
 location = {Salzburg, Austria},
 pages = {287--300},
 numpages = {14},
 url = {http://doi.acm.org/10.1145/1966445.1966472},
 doi = {10.1145/1966445.1966472},
 acmid = {1966472},
 publisher = {ACM},
 address = {New York, NY, USA},
 keywords = {data locality, datacenter storage, fairness, replication},
} 

@inproceedings{mr-unexpected-failure,
 author = {Dinu, Florin and Ng, T.S. Eugene},
 title = {Understanding the effects and implications of compute node related failures in hadoop},
 booktitle = {Proceedings of the 21st international symposium on High-Performance Parallel and Distributed Computing},
 series = {HPDC '12},
 year = {2012},
 isbn = {978-1-4503-0805-2},
 location = {Delft, The Netherlands},
 pages = {187--198},
 numpages = {12},
 url = {http://doi.acm.org/10.1145/2287076.2287108},
 doi = {10.1145/2287076.2287108},
 acmid = {2287108},
 publisher = {ACM},
 address = {New York, NY, USA},
 keywords = {failures, hadoop, speculative execution},
}
@article{matchtree,
title = "MatchTree: Flexible, scalable, and fault-tolerant wide-area resource discovery with distributed matchmaking and aggregation",
journal = "Future Generation Computer Systems",
volume = "",
number = "0",
pages = " - ",
year = "2012",
note = "",
issn = "0167-739X",
doi = "10.1016/j.future.2012.08.009",
url = "http://www.sciencedirect.com/science/article/pii/S0167739X12001653?v=s5",
author = "Kyungyong Lee and Taewoong Choi and Patrick Boykin and Renato Figueiredo",
keywords = "Decentralized resource discovery",
keywords = "Fault-tolerant self-organizing tree",
keywords = "Distributed information aggregation"
}

@article{spot-instance-pricing-analysis,
 author = {Agmon Ben-Yehuda, Orna and Ben-Yehuda, Muli and Schuster, Assaf and Tsafrir, Dan},
 title = {Deconstructing Amazon EC2 Spot Instance Pricing},
 journal = {ACM Trans. Econ. Comput.},
 issue_date = {September 2013},
 volume = {1},
 number = {3},
 month = sep,
 year = {2013},
 issn = {2167-8375},
 pages = {16:1--16:20},
 articleno = {16},
 numpages = {20},
 url = {http://doi.acm.org/10.1145/2509413.2509416},
 doi = {10.1145/2509413.2509416},
 acmid = {2509416},
 publisher = {ACM},
 address = {New York, NY, USA},
 keywords = {Amazon EC2, reverse engineering, spot instances},
}

@inproceedings{see-spot-run,
 author = {Chohan, Navraj and Castillo, Claris and Spreitzer, Mike and Steinder, Malgorzata and Tantawi, Asser and Krintz, Chandra},
 title = {See Spot Run: Using Spot Instances for Mapreduce Workflows},
 booktitle = {Proceedings of the 2Nd USENIX Conference on Hot Topics in Cloud Computing},
 series = {HotCloud'10},
 year = {2010},
 acmid = {1863110},
 publisher = {USENIX Association},
 address = {Berkeley, CA, USA},
}

@inproceedings{spot-instance-checkpointing,
 author = {Yi, Sangho and Kondo, Derrick and Andrzejak, Artur},
 title = {Reducing Costs of Spot Instances via Checkpointing in the Amazon Elastic Compute Cloud},
 booktitle = {Proceedings of the 2010 IEEE 3rd International Conference on Cloud Computing},
 series = {CLOUD '10},
 year = {2010},
 isbn = {978-0-7695-4130-3},
 pages = {236--243},
 numpages = {8},
 url = {http://dx.doi.org/10.1109/CLOUD.2010.35},
 doi = {10.1109/CLOUD.2010.35},
 acmid = {1845343},
 publisher = {IEEE Computer Society},
 address = {Washington, DC, USA},
 keywords = {Cloud Computing, Checkpointing, Reliability},
}

@INPROCEEDINGS{theano,
     author = {Bergstra, James and Breuleux, Olivier and Bastien, Fr{\'{e}}d{\'{e}}ric and Lamblin, Pascal and Pascanu, Razvan and Desjardins, Guillaume and Turian, Joseph and Warde-Farley, David and Bengio, Yoshua},
      month = june,
      title = {Theano: a {CPU} and {GPU} Math Expression Compiler},
  booktitle = {Proceedings of the Python for Scientific Computing Conference ({SciPy})},
       year = {2010},
   location = {Austin, TX},
       note = {Oral Presentation}
}

@article{caffe,
  author = {Jia, Yangqing and Shelhamer, Evan and Donahue, Jeff and Karayev, Sergey and Long, Jonathan and Girshick, Ross and Guadarrama, Sergio and Darrell, Trevor},
  journal = {arXiv preprint arXiv:1408.5093},
  title = {Caffe: Convolutional Architecture for Fast Feature Embedding},
  year = {2014}
}

@inproceedings {tensorflow,
    author = {Mart{\'\i}n Abadi and Paul Barham and Jianmin Chen and Zhifeng Chen and Andy Davis and Jeffrey Dean and Matthieu Devin and Sanjay Ghemawat and Geoffrey Irving and Michael Isard and Manjunath Kudlur and Josh Levenberg and Rajat Monga and Sherry Moore and Derek G. Murray and Benoit Steiner and Paul Tucker and Vijay Vasudevan and Pete Warden and Martin Wicke and Yuan Yu and Xiaoqiang Zheng},
    title = {TensorFlow: A System for Large-Scale Machine Learning},
    booktitle = {12th USENIX Symposium on Operating Systems Design and Implementation (OSDI 16)},
    year = {2016},
    isbn = {978-1-931971-33-1},
    address = {GA},
    pages = {265--283},
    url = {https://www.usenix.org/conference/osdi16/technical-sessions/presentation/abadi},
    publisher = {USENIX Association},
}

@article{mariana,
 author = {Zou, Yongqiang and Jin, Xing and Li, Yi and Guo, Zhimao and Wang, Eryu and Xiao, Bin},
 title = {Mariana: Tencent Deep Learning Platform and Its Applications},
 journal = {Proc. VLDB Endow.},
 issue_date = {August 2014},
 volume = {7},
 number = {13},
 month = aug,
 year = {2014},
 issn = {2150-8097},
 pages = {1772--1777},
 numpages = {6},
 url = {http://dx.doi.org/10.14778/2733004.2733082},
 doi = {10.14778/2733004.2733082},
 acmid = {2733082},
 publisher = {VLDB Endowment},
}

@misc{aws-region-az,
  author = {AWS User Documents},
  title = {Regions and AVailability Zones},
  howpublished = "\url{http://docs.aws.amazon.com/AWSEC2/latest/UserGuide/using-regions-availability-zones.html}",
  year = {2016},
  note = "[Online; accessed 8-May-2016]"
}

@misc{ami-copy,
  author = {Barr, Jeff},
  title = {Cross Region EC2 AMI Copy},
  howpublished = "\url{https://aws.amazon.com/blogs/aws/ec2-ami-copy-between-regions/}",
  year = {2013}, 
  note = "[Online; accessed 13-April-2016]"
}

@Inbook{network-vc-mapreduce,
  author="Tang, Bing
    and Xie, Qi
    and He, Haiwu
    and Fedak, Gilles",
  editor="Wang, Guojun
    and Zomaya, Albert
    and Martinez Perez, Gregorio
    and Li, Kenli",
  chapter="Availability and Network-Aware MapReduce Task Scheduling over the Internet",
  title="Algorithms and Architectures for Parallel Processing: 15th International Conference, ICA3PP 2015, Zhangjiajie, China, November 18-20, 2015, Proceedings, Part I",
  year="2015",
  publisher="Springer International Publishing",
  address="Cham",
  pages="214--227",
  isbn="978-3-319-27119-4",
  doi="10.1007/978-3-319-27119-4_15",
  url="http://dx.doi.org/10.1007/978-3-319-27119-4_15"
}

@INPROCEEDINGS{spot-instance-modeling, 
  author={B. Javadi and R. K. Thulasiramy and R. Buyya}, 
  booktitle={Utility and Cloud Computing (UCC), 2011 Fourth IEEE International Conference on}, 
  title={Statistical Modeling of Spot Instance Prices in Public Cloud Environments}, 
  year={2011}, 
  pages={219-228}, 
  keywords={Gaussian distribution;cloud computing;fault tolerant computing;scheduling;statistical analysis;Gaussians distribution;competitive bidding option;fault tolerant mechanism;interprice time;public cloud environments;public cloud users;spot instance prices;statistical modeling;stochastic scheduling;time dynamics;Cloud computing;Computational modeling;Data models;Gaussian distribution;History;Reliability;Silicon;Cloud Computing;Spot Price;Statistical Model}, 
  doi={10.1109/UCC.2011.37}, 
  month={Dec},
}

@article{poseidon,
  author    = {Hao Zhang and
               Zhiting Hu and
               Jinliang Wei and
               Pengtao Xie and
               Gunhee Kim and
               Qirong Ho and
               Eric P. Xing},
  title     = {Poseidon: {A} System Architecture for Efficient GPU-based Deep Learning
               on Multiple Machines},
  journal   = {CoRR},
  volume    = {abs/1512.06216},
  year      = {2015},
  timestamp = {Sat, 02 Jan 2016 11:38:49 +0100},
  biburl    = {http://dblp.uni-trier.de/rec/bib/journals/corr/ZhangHWXKHX15},
  bibsource = {dblp computer science bibliography, http://dblp.org}
}

@INPROCEEDINGS{uptime-res-avail, 
author={K. Lee and R. Figueiredo}, 
booktitle={Cloud Computing Technology and Science (CloudCom), 2012 IEEE 4th International Conference on}, 
title={MapReduce on opportunistic resources leveraging resource availability}, 
year={2012}, 
pages={435-442}, 
keywords={data analysis;grid computing;parallel programming;resource allocation;scheduling;MapReduce;SETI@Home project;data placement policy;data scheduling policy;log trace;opportunistic resource availability;parallel data processing framework;uptime-based resource availability prediction approach;volunteer computing;Availability;Cloud computing;Conferences;Data processing;Facebook;Wide area networks;Hadoop;MapReduce;Opportunistic computing;uptime;volunteer computing}, 
doi={10.1109/CloudCom.2012.6427554}, 
month={Dec},}

@article{hybridmr,
  title={HybridMR: a new approach for hybrid MapReduce combining desktop grid and cloud infrastructures},
  author={Tang, Bing and He, Haiwu and Fedak, Gilles},
  journal={Concurrency and Computation: Practice and Experience},
  volume={27},
  number={16},
  pages={4140--4155},
  year={2015},
  publisher={Wiley Online Library}
}

@inproceedings {not-bid-cloud,
  author = {Prateek Sharma and David Irwin and Prashant Shenoy},
  title = {How Not to Bid the Cloud},
  booktitle = {8th USENIX Workshop on Hot Topics in Cloud Computing (HotCloud 16)},
  year = {2016},
  month = Jun,
  address = {Denver, CO},
  publisher = {USENIX Association},
}

@inproceedings{spotcheck,
 author = {Sharma, Prateek and Lee, Stephen and Guo, Tian and Irwin, David and Shenoy, Prashant},
 title = {SpotCheck: Designing a Derivative IaaS Cloud on the Spot Market},
 booktitle = {Proceedings of the Tenth European Conference on Computer Systems},
 series = {EuroSys '15},
 year = {2015},
 isbn = {978-1-4503-3238-5},
 location = {Bordeaux, France},
 pages = {16:1--16:15},
 articleno = {16},
 numpages = {15},
 url = {http://doi.acm.org/10.1145/2741948.2741953},
 doi = {10.1145/2741948.2741953},
 acmid = {2741953},
 publisher = {ACM},
 address = {New York, NY, USA},
} 

@inproceedings {spark,
author = {Matei Zaharia and Mosharaf Chowdhury and Tathagata Das and Ankur Dave and Justin Ma and Murphy McCauly and Michael J. Franklin and Scott Shenker and Ion Stoica},
title = {Resilient Distributed Datasets: A Fault-Tolerant Abstraction for In-Memory Cluster Computing},
booktitle = {Presented as part of the 9th USENIX Symposium on Networked Systems Design and Implementation (NSDI 12)},
year = {2012},
isbn = {978-931971-92-8},
address = {San Jose, CA},
pages = {15--28},
publisher = {USENIX},
}

@inproceedings{flint,
 author = {Sharma, Prateek and Guo, Tian and He, Xin and Irwin, David and Shenoy, Prashant},
 title = {Flint: Batch-interactive Data-intensive Processing on Transient Servers},
 booktitle = {Proceedings of the Eleventh European Conference on Computer Systems},
 series = {EuroSys '16},
 year = {2016},
 isbn = {978-1-4503-4240-7},
 location = {London, United Kingdom},
 pages = {6:1--6:15},
 articleno = {6},
 numpages = {15},
 doi = {10.1145/2901318.2901319},
 acmid = {2901319},
 publisher = {ACM},
 address = {New York, NY, USA},
} 

@misc{ec2-instance-types,
  author = {AWS},
  title = {AWS EC2 Instance Types},
  year = {2016},
  url = {https://aws.amazon.com/ec2/instance-types/}
}

@MISC{cifar10,
    author = {Alex Krizhevsky},
    title = {Convolutional deep belief networks on cifar-10},
    year = {2010}
}

@MISC{leading-cloud-vendors,
    author = {Gartner},
    title = {Magic Quadrant for Cloud Infrastructure as a Service, Worldwide},
    year = {2016},
    url = {https://www.gartner.com/doc/reprints?id=1-2G2O5FC\&ct=150519}
}

@article{si-price-modeling,
 author = {Javadi, Bahman and Thulasiram, Ruppa K. and Buyya, Rajkumar},
 title = {Characterizing Spot Price Dynamics in Public Cloud Environments},
 journal = {Future Gener. Comput. Syst.},
 issue_date = {June, 2013},
 volume = {29},
 number = {4},
 month = jun,
 year = {2013},
 issn = {0167-739X},
 pages = {988--999},
 numpages = {12},
 acmid = {2435538},
 publisher = {Elsevier Science Publishers B. V.},
 address = {Amsterdam, The Netherlands, The Netherlands},
 keywords = {Amazon's EC2, Cloud computing, Spot instances, Spot price, Statistical model},
} 

@inproceedings{how-to-bid-cloud,
 author = {Zheng, Liang and Joe-Wong, Carlee and Tan, Chee Wei and Chiang, Mung and Wang, Xinyu},
 title = {How to Bid the Cloud},
 booktitle = {Proceedings of the 2015 ACM Conference on Special Interest Group on Data Communication},
 series = {SIGCOMM '15},
 year = {2015},
 isbn = {978-1-4503-3542-3},
 location = {London, United Kingdom},
 pages = {71--84},
 numpages = {14},
 url = {http://doi.acm.org/10.1145/2785956.2787473},
 doi = {10.1145/2785956.2787473},
 acmid = {2787473},
 publisher = {ACM},
 address = {New York, NY, USA},
 keywords = {cloud pricing, optimization, spot instance},
}

@INPROCEEDINGS{si-stability, 
author={M. Mazzucco and M. Dumas}, 
booktitle={High Performance Computing and Communications (HPCC), 2011 IEEE 13th International Conference on}, 
title={Achieving Performance and Availability Guarantees with Spot Instances}, 
year={2011}, 
pages={296-303}, 
keywords={Web services;cloud computing;IaaS;SaaS;Web services;availability guarantee;bidding scheme;cloud computing;infrastructure-as-a-service;performance guarantee;server allocation policies;software-as-a-service;spot instances;virtual servers;Approximation methods;Availability;Linux;Resource management;Servers;Time factors;Web services;Cloud computing;availability;performance;revenue optimization;spot instances}, 
doi={10.1109/HPCC.2011.46}, 
month={Sept},} 

@article{deep-learning-overview,
  title = "Deep learning in neural networks: An overview ",
  journal = "Neural Networks ",
  volume = "61",
  number = "",
  pages = "85 - 117",
  year = "2015",
  note = "",
  issn = "0893-6080",
  doi = "http://dx.doi.org/10.1016/j.neunet.2014.09.003",
  url = "http://www.sciencedirect.com/science/article/pii/S0893608014002135",
  author = "J�rgen Schmidhuber",
  keywords = "Deep learning",
  keywords = "Supervised learning",
  keywords = "Unsupervised learning",
  keywords = "Reinforcement learning",
  keywords = "Evolutionary computation "
}

@INPROCEEDINGS{imagenet-cnn,
    author = {Alex Krizhevsky and Ilya Sutskever and Geoffrey E. Hinton},
    title = {Imagenet classification with deep convolutional neural networks},
    booktitle = {Advances in Neural Information Processing Systems(NIPS)},
    year = {2012},
    pages = {2012}
}

@inproceedings{rnn-speech,
  title={Speech recognition with deep recurrent neural networks},
  author={Graves, Alex and Mohamed, Abdel-rahman and Hinton, Geoffrey},
  booktitle={2013 IEEE international conference on acoustics, speech and signal processing},
  pages={6645--6649},
  year={2013},
  organization={IEEE}
}

@inproceedings{ae-recommender,
 author = {Wu, Yao and DuBois, Christopher and Zheng, Alice X. and Ester, Martin},
 title = {Collaborative Denoising Auto-Encoders for Top-N Recommender Systems},
 booktitle = {Proceedings of the Ninth ACM International Conference on Web Search and Data Mining},
 series = {WSDM '16},
 year = {2016},
 isbn = {978-1-4503-3716-8},
 location = {San Francisco, California, USA},
 pages = {153--162},
 numpages = {10},
 url = {http://doi.acm.org/10.1145/2835776.2835837},
 doi = {10.1145/2835776.2835837},
 acmid = {2835837},
 publisher = {ACM},
 address = {New York, NY, USA},
 keywords = {collaborative filtering, denoising auto- encoders, recommender systems},
}

@inproceedings{ae-cf,
 author = {Sedhain, Suvash and Menon, Aditya Krishna and Sanner, Scott and Xie, Lexing},
 title = {AutoRec: Autoencoders Meet Collaborative Filtering},
 booktitle = {Proceedings of the 24th International Conference on World Wide Web},
 series = {WWW '15 Companion},
 year = {2015},
 isbn = {978-1-4503-3473-0},
 location = {Florence, Italy},
 pages = {111--112},
 numpages = {2},
 url = {http://doi.acm.org/10.1145/2740908.2742726},
 doi = {10.1145/2740908.2742726},
 acmid = {2742726},
 publisher = {ACM},
 address = {New York, NY, USA},
 keywords = {autoencoders, collaborative filtering, recommender systems},
} 

@inproceedings {parameterserver,
  author = {Mu Li and David G. Andersen and Jun Woo Park and Alexander J. Smola and Amr Ahmed and Vanja Josifovski and James Long and Eugene J. Shekita and Bor-Yiing Su},
  title = {Scaling Distributed Machine Learning with the Parameter Server},
  booktitle = {11th USENIX Symposium on Operating Systems Design and Implementation (OSDI 14)},
  year = {2014},
  month = Oct,
  isbn = { 978-1-931971-16-4},
  address = {Broomfield, CO},
  pages = {583--598},
  publisher = {USENIX Association},
}

@inproceedings {adam,
  author = {Trishul Chilimbi and Yutaka Suzue and Johnson Apacible and Karthik Kalyanaraman},
  title = {Project Adam: Building an Efficient and Scalable Deep Learning Training System},
  booktitle = {11th USENIX Symposium on Operating Systems Design and Implementation (OSDI 14)},
  year = {2014},
  month = Oct,
  isbn = { 978-1-931971-16-4},
  address = {Broomfield, CO},
  pages = {571--582},
  url = {https://www.usenix.org/conference/osdi14/technical-sessions/presentation/chilimbi},
  publisher = {USENIX Association},
}

@inproceedings{spot-mpi-checkpoint,
 author = {Gong, Yifan and He, Bingsheng and Zhou, Amelie Chi},
 title = {Monetary Cost Optimizations for MPI-based HPC Applications on Amazon Clouds: Checkpoints and Replicated Execution},
 booktitle = {Proceedings of the International Conference for High Performance Computing, Networking, Storage and Analysis},
 series = {SC '15},
 year = {2015},
 isbn = {978-1-4503-3723-6},
 location = {Austin, Texas},
 pages = {32:1--32:12},
 articleno = {32},
 numpages = {12},
 url = {http://doi.acm.org/10.1145/2807591.2807612},
 doi = {10.1145/2807591.2807612},
 acmid = {2807612},
 publisher = {ACM},
 address = {New York, NY, USA},
 keywords = {MPI, cloud, fault-tolerance, monetary cost, spot instance},
} 

@inproceedings{spot-server-migrate,
 author = {He, Xin and Shenoy, Prashant and Sitaraman, Ramesh and Irwin, David},
 title = {Cutting the Cost of Hosting Online Services Using Cloud Spot Markets},
 booktitle = {Proceedings of the 24th International Symposium on High-Performance Parallel and Distributed Computing},
 series = {HPDC '15},
 year = {2015},
 isbn = {978-1-4503-3550-8},
 location = {Portland, Oregon, USA},
 pages = {207--218},
 numpages = {12},
 url = {http://doi.acm.org/10.1145/2749246.2749275},
 doi = {10.1145/2749246.2749275},
 acmid = {2749275},
 publisher = {ACM},
 address = {New York, NY, USA},
 keywords = {cloud computing, cost optimization, spot markets},
}

@inproceedings{live-migration-diaster,
 author = {Kang, Tae Seung and Tsugawa, Maur\'{\i}cio and Matsunaga, Andr{\'e}a and Hirofuchi, Takahiro and Fortes, Jos{\'e} A. B.},
 title = {Design and Implementation of Middleware for Cloud Disaster Recovery via Virtual Machine Migration Management},
 booktitle = {Proceedings of the 2014 IEEE/ACM 7th International Conference on Utility and Cloud Computing},
 series = {UCC '14},
 year = {2014},
 isbn = {978-1-4799-7881-6},
 numpages = {10},
 doi = {10.1109/UCC.2014.25},
 acmid = {2760023},
 publisher = {IEEE Computer Society},
 address = {Washington, DC, USA},
 keywords = {disaster recovery, controller, wide-area VM migration, virtualization},
} 


@MISC{aws-metadata,
    author = {AWS},
    title = {Instance Metadata and User Data},
    year = {2017},
    url = {http://docs.aws.amazon.com/AWSEC2/latest/UserGuide/ec2-instance-metadata.html}
}


@inproceedings {parameter-server,
    author = {Mu Li and David G. Andersen and Jun Woo Park and Alexander J. Smola and Amr Ahmed and Vanja Josifovski and James Long and Eugene J. Shekita and Bor-Yiing Su},
    title = {Scaling Distributed Machine Learning with the Parameter Server},
    booktitle = {11th USENIX Symposium on Operating Systems Design and Implementation (OSDI 14)},
    year = {2014},
    isbn = { 978-1-931971-16-4},
    address = {Broomfield, CO},
    pages = {583--598},
    publisher = {USENIX Association},
}

@inproceedings{tr-spark,
 author = {Yan, Ying and Gao, Yanjie and Chen, Yang and Guo, Zhongxin and Chen, Bole and Moscibroda, Thomas},
 title = {TR-Spark: Transient Computing for Big Data Analytics},
 booktitle = {Proceedings of the Seventh ACM Symposium on Cloud Computing},
 series = {SoCC '16},
 year = {2016},
 isbn = {978-1-4503-4525-5},
 location = {Santa Clara, CA, USA},
 pages = {484--496},
 numpages = {13},
 url = {http://doi.acm.org/10.1145/2987550.2987576},
 doi = {10.1145/2987550.2987576},
 acmid = {2987576},
 publisher = {ACM},
 address = {New York, NY, USA},
 keywords = {Checkpointing, Spark, Transient computing},
} 

@inproceedings{spark-mm,
 author = {Bosagh Zadeh, Reza and Meng, Xiangrui and Ulanov, Alexander and Yavuz, Burak and Pu, Li and Venkataraman, Shivaram and Sparks, Evan and Staple, Aaron and Zaharia, Matei},
 title = {Matrix Computations and Optimization in Apache Spark},
 booktitle = {Proceedings of the 22Nd ACM SIGKDD International Conference on Knowledge Discovery and Data Mining},
 series = {KDD '16},
 year = {2016},
 isbn = {978-1-4503-4232-2},
 location = {San Francisco, California, USA},
 pages = {31--38},
 numpages = {8},
 url = {http://doi.acm.org/10.1145/2939672.2939675},
 doi = {10.1145/2939672.2939675},
 acmid = {2939675},
 publisher = {ACM},
 address = {New York, NY, USA},
 keywords = {distributed linear algebra, machine learning, matrix computations, mllib, optimization, spark},
}

@misc{spark-mm-code,
  author = {Apache Spark},
  title = {Apache Spark MLLib Distributed Matrix Computation},
  howpublished = "\url{https://goo.gl/Vnii2M}",
  year = {2017},
  note = "[Online; accessed 20-Nov-2017]"
}
@article{meng2016mllib,
  title={Mllib: Machine learning in apache spark},
  author={Meng, Xiangrui and Bradley, Joseph and Yavuz, Burak and Sparks, Evan and Venkataraman, Shivaram and Liu, Davies and Freeman, Jeremy and Tsai, DB and Amde, Manish and Owen, Sean and others},
  journal={The Journal of Machine Learning Research},
  volume={17},
  number={1},
  pages={1235--1241},
  year={2016},
  publisher={JMLR. org}
}
@article{zaharia2010spark,
  title={Spark: Cluster computing with working sets.},
  author={Zaharia, Matei and Chowdhury, Mosharaf and Franklin, Michael J and Shenker, Scott and Stoica, Ion},
  journal={HotCloud},
  volume={10},
  number={10-10},
  pages={95},
  year={2010}
}
@inproceedings{yu2015exploiting,
  title={Exploiting matrix dependency for efficient distributed matrix computation},
  author={Yu, Lele and Shao, Yingxia and Cui, Bin},
  booktitle={Proceedings of the 2015 ACM SIGMOD International Conference on Management of Data},
  pages={93--105},
  year={2015},
  organization={ACM}
}
@inproceedings{gu2015efficient,
  title={Efficient large scale distributed matrix computation with spark},
  author={Gu, Rong and Tang, Yun and Wang, Zhaokang and Wang, Shuai and Yin, Xusen and Yuan, Chunfeng and Huang, Yihua},
  booktitle={Big Data (Big Data), 2015 IEEE International Conference on},
  pages={2327--2336},
  year={2015},
  organization={IEEE}
}
@article{xianyi2014openblas,
	title={Openblas},
	author={Xianyi, Zhang and Qian, Wang and Chothia, Zaheer},
	journal={URL: http://xianyi. github. io/OpenBLAS},
	year={2014}
}
@article{nvidia2008cublas,
	title={Cublas library},
	author={Nvidia, CUDA},
	journal={NVIDIA Corporation, Santa Clara, California},
	volume={15},
	number={27},
	pages={31},
	year={2008}
}
@inproceedings{ernest,
	title={Ernest: Efficient Performance Prediction for Large-Scale Advanced Analytics.},
	author={Venkataraman, Shivaram and Yang, Zongheng and Franklin, Michael J and Recht, Benjamin and Stoica, Ion},
	booktitle={NSDI},
	pages={363--378},
	year={2016}
}
@inproceedings{Yadwadkar:2017:SBV:3127479.3131614,
	author = {Yadwadkar, Neeraja J. and Hariharan, Bharath and Gonzalez, Joseph E. and Smith, Burton and Katz, Randy H.},
	title = {Selecting the Best VM Across Multiple Public Clouds: A Data-driven Performance Modeling Approach},
	booktitle = {Proceedings of the 2017 Symposium on Cloud Computing},
	series = {SoCC '17},
	year = {2017},
	isbn = {978-1-4503-5028-0},
	location = {Santa Clara, California},
	pages = {452--465},
	numpages = {14},
	url = {http://doi.acm.org/10.1145/3127479.3131614},
	doi = {10.1145/3127479.3131614},
	acmid = {3131614},
	publisher = {ACM},
	address = {New York, NY, USA},
	keywords = {cloud computing, data-driven modeling, performance prediction, resource allocation},
} 
@INPROCEEDINGS{7973739, 
	author={G. Mariani and A. Anghel and R. Jongerius and G. Dittmann}, 
	booktitle={2017 17th IEEE/ACM International Symposium on Cluster, Cloud and Grid Computing (CCGRID)}, 
	title={Predicting Cloud Performance for HPC Applications: A User-Oriented Approach}, 
	year={2017}, 
	volume={}, 
	number={}, 
	pages={524-533}, 
	keywords={cloud computing;learning (artificial intelligence);parallel processing;HPC applications;NAS parallel benchmarks;OpenStack;Pareto optimal cloud configurations;cloud computing;cloud performance prediction;hardware-independent profiler;high-performance computing;machine-learning techniques;Cloud computing;Computational modeling;Hardware;Measurement;Optimization;Predictive models;Training;Cloud;design of experiments;high performance computing;machine learning;performance prediction;random forest}, 
	doi={10.1109/CCGRID.2017.11}, 
	ISSN={}, 
	month={May},}
@inproceedings{li2014tachyon,
	title={Tachyon: Reliable, memory speed storage for cluster computing frameworks},
	author={Li, Haoyuan and Ghodsi, Ali and Zaharia, Matei and Shenker, Scott and Stoica, Ion},
	booktitle={Proceedings of the ACM Symposium on Cloud Computing},
	pages={1--15},
	year={2014},
	organization={ACM}
}
@inproceedings{ousterhout2015making,
	title={Making Sense of Performance in Data Analytics Frameworks.},
	author={Ousterhout, Kay and Rasti, Ryan and Ratnasamy, Sylvia and Shenker, Scott and Chun, Byung-Gon and ICSI, V},
	booktitle={NSDI},
	volume={15},
	pages={293--307},
	year={2015}
}
@inproceedings {196352,
	author = {Animesh Trivedi and Patrick Stuedi and Jonas Pfefferle and Radu Stoica and Bernard Metzler and Ioannis Koltsidas and Nikolas Ioannou},
	title = {On The [Ir]relevance of Network Performance for Data Processing},
	booktitle = {8th {USENIX} Workshop on Hot Topics in Cloud Computing (HotCloud 16)},
	year = {2016},
	address = {Denver, CO},
	url = {https://www.usenix.org/conference/hotcloud16/workshop-program/presentation/trivedi},
	publisher = {{USENIX} Association},
}
@MISC{NVBLAS,
    author = {A. Ulanov},
    title = {Nvblas:gpu usage with nvblas},
    year = {2016},
    url = {https://github.com/fommil/netlib-java/wiki/NVBLAS.}
}

@INPROCEEDINGS{nmf,
    author = {Daniel D. Lee and H. Sebastian Seung},
    title = {Algorithms for Non-negative Matrix Factorization},
    booktitle = {In NIPS},
    year = {2000},
    pages = {556--562},
    publisher = {MIT Press}
}

@techreport{pagerank,
          number = {1999-66},
           month = {November},
          author = {Lawrence Page and Sergey Brin and Rajeev Motwani and Terry Winograd},
            note = {Previous number = SIDL-WP-1999-0120},
           title = {The PageRank Citation Ranking: Bringing Order to the Web.},
            type = {Technical Report},
       publisher = {Stanford InfoLab},
            year = {1999},
     institution = {Stanford InfoLab},
             url = {http://ilpubs.stanford.edu:8090/422/}
}

@inproceedings {cherrypick,
author = {Omid Alipourfard and Hongqiang Harry Liu and Jianshu Chen and Shivaram Venkataraman and Minlan Yu and Ming Zhang},
title = {CherryPick: Adaptively Unearthing the Best Cloud Configurations for Big Data Analytics},
booktitle = {14th {USENIX} Symposium on Networked Systems Design and Implementation ({NSDI} 17)},
year = {2017},
isbn = {978-1-931971-37-9},
address = {Boston, MA},
pages = {469--482},
url = {https://www.usenix.org/conference/nsdi17/technical-sessions/presentation/alipourfard},
publisher = {{USENIX} Association},
}

@inproceedings{paris,
 author = {Yadwadkar, Neeraja J. and Hariharan, Bharath and Gonzalez, Joseph E. and Smith, Burton and Katz, Randy H.},
 title = {Selecting the Best VM Across Multiple Public Clouds: A Data-driven Performance Modeling Approach},
 booktitle = {Proceedings of the 2017 Symposium on Cloud Computing},
 series = {SoCC '17},
 year = {2017},
 isbn = {978-1-4503-5028-0},
 location = {Santa Clara, California},
 pages = {452--465},
 numpages = {14},
 url = {http://doi.acm.org/10.1145/3127479.3131614},
 doi = {10.1145/3127479.3131614},
 acmid = {3131614},
 publisher = {ACM},
 address = {New York, NY, USA},
 keywords = {cloud computing, data-driven modeling, performance prediction, resource allocation},
}
@inproceedings{carma,
 author = {Demmel, James and Eliahu, David and Fox, Armando and Kamil, Shoaib and Lipshitz, Benjamin and Schwartz, Oded and Spillinger, Omer},
 title = {Communication-Optimal Parallel Recursive Rectangular Matrix Multiplication},
 booktitle = {Proceedings of the 2013 IEEE 27th International Symposium on Parallel and Distributed Processing},
 series = {IPDPS '13},
 year = {2013},
 isbn = {978-0-7695-4971-2},
 pages = {261--272},
 numpages = {12},
 url = {http://dx.doi.org/10.1109/IPDPS.2013.80},
 doi = {10.1109/IPDPS.2013.80},
 acmid = {2511337},
 publisher = {IEEE Computer Society},
 address = {Washington, DC, USA},
 keywords = {ommunication-avoiding algorithms, linear algebra, matrix multiplication},
}

@techreport{summa,
 author = {van de Geijn, Robert A. and Watts, Jerrell},
 title = {SUMMA: Scalable Universal Matrix Multiplication Algorithm},
 year = {1995},
 source = {http://www.ncstrl.org:8900/ncstrl/servlet/search?formname=detail\&id=oai%3Ancstrlh%3Autexas_cs%3AUTEXAS_CS%2F%2FCS-TR-95-13},
 publisher = {University of Texas at Austin},
 address = {Austin, TX, USA},
}

@inproceedings{bayesian-optimization,
 author = {Snoek, Jasper and Larochelle, Hugo and Adams, Ryan P.},
 title = {Practical Bayesian Optimization of Machine Learning Algorithms},
 booktitle = {Proceedings of the 25th International Conference on Neural Information Processing Systems - Volume 2},
 series = {NIPS'12},
 year = {2012},
 location = {Lake Tahoe, Nevada},
 pages = {2951--2959},
 numpages = {9},
 url = {http://dl.acm.org/citation.cfm?id=2999325.2999464},
 acmid = {2999464},
 publisher = {Curran Associates Inc.},
 address = {USA},
}

@INPROCEEDINGS{fatman-littleboy,
author={L. Xu and S. H. Lim and A. R. Butt and S. R. Sukumar and R. Kannan},
booktitle={2016 1st Joint International Workshop on Parallel Data Storage and data Intensive Scalable Computing Systems (PDSW-DISCS)},
title={FatMan vs. LittleBoy: Scaling Up Linear Algebraic Operations in Scale-Out Data Platforms},
year={2016},
volume={},
number={},
pages={25-30},
keywords={data handling;learning (artificial intelligence);matrix multiplication;parallel processing;Apache Spark;FatMan;Gramian matrix computation;LittleBoy;data points;distributed Spark setup;generalized matrix multiplication operations;linear algebraic operations;machine learning;matrix density;matrix manipulation approach;scale-out data parallel platform;sparse distributed matrices;Acceleration;Data analysis;Hardware;Kernel;Libraries;Sparks;Sparse matrices},
doi={10.1109/PDSW-DISCS.2016.009},
ISSN={},
month={Nov}
}

@Article{random-forest,
author="Breiman, Leo",
title="Random Forests",
journal="Machine Learning",
year="2001",
month="Oct",
day="01",
volume="45",
number="1",
pages="5--32",
issn="1573-0565",
doi="10.1023/A:1010933404324",
url="https://doi.org/10.1023/A:1010933404324"
}

